@article{yu2015energy,
  title={Energy-Efficient, QoS-Aware Packet Scheduling in High-Speed Networks},
  author={Yu, Qun and Znati, Taieb and Yang, Wang},
  journal={IEEE Journal on Selected Areas in Communications},
  volume={33},
  number={12},
  pages={2789--2800},
  year={2015},
  publisher={IEEE}
}

@inproceedings{sarood2014maximizing,
  title={Maximizing throughput of overprovisioned hpc data centers under a strict power budget},
  author={Sarood, Osman and Langer, Akhil and Gupta, Abhishek and Kale, Laxmikant},
  booktitle={Proceedings of the International Conference for High Performance Computing, Networking, Storage and Analysis},
  pages={807--818},
  year={2014},
  organization={IEEE Press}
}

@inproceedings{Pillai2001,
 author = {Pillai, Padmanabhan and Shin, Kang G.},
 title = {Real-time Dynamic Voltage Scaling for Low-power Embedded Operating Systems},
 booktitle = {Proceedings of the Eighteenth ACM Symposium on Operating Systems Principles},
 series = {SOSP '01},
 year = {2001},
 isbn = {1-58113-389-8},
 location = {Banff, Alberta, Canada},
 pages = {89--102},
 numpages = {14},
 doi = {10.1145/502034.502044},
 acmid = {502044},
 publisher = {ACM},
 address = {New York, NY, USA},
} 

@INPROCEEDINGS{6787325, 
author={B. Mills and T. Znati and R. Melhem and K. B. Ferreira and R. E. Grant}, 
booktitle={2014 22nd Euromicro International Conference on Parallel, Distributed, and Network-Based Processing}, 
title={Energy Consumption of Resilience Mechanisms in Large Scale Systems}, 
year={2014}, 
pages={528-535}, 
keywords={checkpointing;parallel processing;power consumption;HPC systems;analytical model;checkpoint-restart;dominant resilience technique;energy consumption;exascale-class systems;large scale systems;power consumption;power measurements;process replication;replication-based techniques;shadow replication;system power constraints;system resilience mechanisms;Checkpointing;Energy consumption;Fault tolerance;Fault tolerant systems;Resilience;Sockets;Time factors;energy-aware;fault tolerance;power-aware;resilience;scheduling;shadow computing}, 
doi={10.1109/PDP.2014.111}, 
ISSN={1066-6192}, 
month={Feb},}

@INPROCEEDINGS{7816907, 
author={X. Cui and T. Znati and R. Melhem}, 
booktitle={2016 Intl IEEE Conferences on Scalable Computing and Communications (ScalCom)}, 
title={Adaptive and Power-Aware Resilience for Extreme-Scale Computing}, 
year={2016}, 
pages={671-679}, 
keywords={parallel processing;power aware computing;software fault tolerance;adaptive power-aware algorithm;adaptive resilience;energy saving;exaFLOPS;extreme-scale computing environments;failure recovery;failure-prone computing environments;fault tolerance;high performance computing;lazy shadowing;power-aware resilience;Checkpointing;Fault tolerance;Fault tolerant systems;Hardware;Resilience;Shadow mapping;Lazy Shadowing;extreme-scale computing;forward progress;reliability}, 
doi={10.1109/UIC-ATC-ScalCom-CBDCom-IoP-SmartWorld.2016.0111}, 
month={July},}

@Article{en7085151,
AUTHOR = {Cui, Xiaolong and Mills, Bryan and Znati, Taieb and Melhem, Rami},
TITLE = {Shadow Replication: An Energy-Aware, Fault-Tolerant Computational Model for Green Cloud Computing},
JOURNAL = {Energies},
VOLUME = {7},
YEAR = {2014},
NUMBER = {8},
PAGES = {5151--5176},
ISSN = {1996-1073},
DOI = {10.3390/en7085151}
}





@inproceedings{elliott2012combining,
  title={Combining partial redundancy and checkpointing for HPC},
  author={Elliott, James and Kharbas, Kishor and Fiala, David and Mueller, Frank and Ferreira, Kurt and Engelmann, Christian},
  booktitle={Distributed Computing Systems (ICDCS), 2012 IEEE 32nd International Conference on},
  pages={615--626},
  year={2012},
  organization={IEEE}
}

@inproceedings{engelmann2011redundant,
  title={Redundant execution of HPC applications with MR-MPI},
  author={Engelmann, Christian and B{\"o}hm, Swen},
  booktitle={Proceedings of the 10th IASTED International Conference on Parallel and Distributed Computing and Networks (PDCN)},
  pages={15--17},
  year={2011}
}

@article{schneider1990implementing,
  title={Implementing fault-tolerant services using the state machine approach: A tutorial},
  author={Schneider, Fred B},
  journal={ACM Computing Surveys (CSUR)},
  volume={22},
  number={4},
  pages={299--319},
  year={1990},
  publisher={ACM}
}

@inproceedings{fiala2012detection,
  title={Detection and correction of silent data corruption for large-scale high-performance computing},
  author={Fiala, David and Mueller, Frank and Engelmann, Christian and Riesen, Rolf and Ferreira, Kurt and Brightwell, Ron},
  booktitle={Proceedings of the International Conference on High Performance Computing, Networking, Storage and Analysis},
  pages={78},
  year={2012},
  organization={IEEE Computer Society Press}
}

@article{cappello2009fault,
  title={Fault tolerance in petascale/exascale systems: Current knowledge, challenges and research opportunities},
  author={Cappello, Franck},
  journal={The International Journal of High Performance Computing Applications},
  volume={23},
  number={3},
  pages={212--226},
  year={2009},
  publisher={Sage Publications Sage UK: London, England}
}

@inproceedings{ferreira2011evaluating,
  title={Evaluating the viability of process replication reliability for exascale systems},
  author={Ferreira, Kurt and Stearley, Jon and Laros, James H and Oldfield, Ron and Pedretti, Kevin and Brightwell, Ron and Riesen, Rolf and Bridges, Patrick G and Arnold, Dorian},
  booktitle={High Performance Computing, Networking, Storage and Analysis (SC), 2011 International Conference for},
  pages={1--12},
  year={2011},
  organization={IEEE}
}

@inproceedings{moody2010design,
  title={Design, modeling, and evaluation of a scalable multi-level checkpointing system},
  author={Moody, Adam and Bronevetsky, Greg and Mohror, Kathryn and Supinski, Bronis R de},
  booktitle={Proceedings of the 2010 ACM/IEEE international conference for high performance computing, networking, storage and analysis},
  pages={1--11},
  year={2010},
  organization={IEEE Computer Society}
}

@inproceedings{zheng2004ftc,
  title={FTC-Charm++: an in-memory checkpoint-based fault tolerant runtime for Charm++ and MPI},
  author={Zheng, Gengbin and Shi, Lixia and Kal{\'e}, Laxmikant V},
  booktitle={Cluster Computing, 2004 IEEE International Conference on},
  pages={93--103},
  year={2004},
  organization={IEEE}
}

@article{elnozahy2004checkpointing,
  title={Checkpointing for peta-scale systems: A look into the future of practical rollback-recovery},
  author={Elnozahy, Elmootazbellah N and Plank, James S},
  journal={IEEE Transactions on Dependable and Secure Computing},
  volume={1},
  number={2},
  pages={97--108},
  year={2004},
  publisher={IEEE}
}

@inproceedings{agarwal2004adaptive,
  title={Adaptive incremental checkpointing for massively parallel systems},
  author={Agarwal, Saurabh and Garg, Rahul and Gupta, Meeta S and Moreira, Jose E},
  booktitle={Proceedings of the 18th annual international conference on Supercomputing},
  pages={277--286},
  year={2004},
  organization={ACM}
}

@article{elnozahy2002survey,
  title={A survey of rollback-recovery protocols in message-passing systems},
  author={Elnozahy, Elmootazbellah Nabil and Alvisi, Lorenzo and Wang, Yi-Min and Johnson, David B},
  journal={ACM Computing Surveys (CSUR)},
  volume={34},
  number={3},
  pages={375--408},
  year={2002},
  publisher={ACM}
}

@ARTICLE{6842585, 
author={H. Hu and Y. Wen and T. S. Chua and X. Li}, 
journal={IEEE Access}, 
title={Toward Scalable Systems for Big Data Analytics: A Technology Tutorial}, 
year={2014}, 
volume={2}, 
pages={652-687}, 
keywords={Big Data;data acquisition;data analysis;data communication;public domain software;storage management;Big Data analytics;Big Data value chain;Hadoop;data acquisition;data generation;data storage;data transmission;industry community;large-scale data processing mechanism;scalable system;sequential modules;system architecture;technology tutorial;Big data;Data acquisition;Information analysis;Medical services;Real-time systems;Scalability;Sensor phenomena and characterization;Sensor systems;Supply chain management;Big data analytics;Hadoop;cloud computing;data acquisition;data analytics;data storage}, 
doi={10.1109/ACCESS.2014.2332453}, 
ISSN={2169-3536}, 
month={},}

@inproceedings{Isard2007,
 author = {Isard, Michael and Budiu, Mihai and Yu, Yuan and Birrell, Andrew and Fetterly, Dennis},
 title = {Dryad: Distributed Data-parallel Programs from Sequential Building Blocks},
 booktitle = {Proceedings of the 2Nd ACM SIGOPS/EuroSys European Conference on Computer Systems 2007},
 series = {EuroSys '07},
 year = {2007},
 isbn = {978-1-59593-636-3},
 location = {Lisbon, Portugal},
 pages = {59--72},
 numpages = {14},
 doi = {10.1145/1272996.1273005},
 acmid = {1273005},
 publisher = {ACM},
 address = {New York, NY, USA},
 keywords = {cluster computing, concurrency, dataflow, distributed programming},
} 

@article{Bergman08exascalecomputing,
  title={Exascale computing study: Technology challenges in achieving exascale systems},
  author={Bergman, Keren and Borkar, Shekhar and et al.},
  journal={Defense Advanced Research Projects Agency Information Processing Techniques Office, Tech. Rep},
  volume={15},
  year={2008}
}

@inproceedings{Bhatotia2011,
 author = {Bhatotia, Pramod and Wieder, Alexander and Rodrigues, Rodrigo and Acar, Umut A. and Pasquin, Rafael},
 title = {Incoop: MapReduce for Incremental Computations},
 booktitle = {Proceedings of the 2Nd ACM Symposium on Cloud Computing},
 series = {SOCC '11},
 year = {2011},
 isbn = {978-1-4503-0976-9},
 location = {Cascais, Portugal},
 pages = {7:1--7:14},
 articleno = {7},
 numpages = {14},
 doi = {10.1145/2038916.2038923},
 acmid = {2038923},
 publisher = {ACM},
 address = {New York, NY, USA},
 keywords = {memoization, self-adjusting computation, stability},
} 

@inproceedings {Zaharia180560,
author = {Matei Zaharia and Mosharaf Chowdhury and Tathagata Das and Ankur Dave and Justin Ma and Murphy McCauly and Michael J. Franklin and Scott Shenker and Ion Stoica},
title = {Resilient Distributed Datasets: A Fault-Tolerant Abstraction for In-Memory Cluster Computing},
booktitle = {Presented as part of the 9th {USENIX} Symposium on Networked Systems Design and Implementation ({NSDI} 12)},
year = {2012},
isbn = {978-931971-92-8},
address = {San Jose, CA},
pages = {15--28},
publisher = {{USENIX}},
}

@inproceedings{Dean2004,
 author = {Dean, Jeffrey and Ghemawat, Sanjay},
 title = {MapReduce: Simplified Data Processing on Large Clusters},
 booktitle = {Proceedings of the 6th Conference on Symposium on Opearting Systems Design \& Implementation - Volume 6},
 series = {OSDI'04},
 year = {2004},
 location = {San Francisco, CA},
 pages = {10--10},
 numpages = {1},
 acmid = {1251264},
 publisher = {USENIX Association},
 address = {Berkeley, CA, USA},
} 