@misc{exa_challenge_2010,
  title={The Opportunities and Challenges of Exascale Computing},
  year={2010},
  author={Ashby, Steve and Beckman Pete and Chen Jackie and Colella Phil}
}

@article{snir2014addressing,
      title={Addressing failures in exascale computing},
      author={Snir, Marc and Wisniewski, Robert W and Abraham, Jacob A and Adve, Sarita V and Bagchi, Saurabh and Balaji, Pavan and Belak, Jim and Bose, Pradip and Cappello, Franck and Carlson, Bill and others},
      journal={International Journal of High Performance Computing Applications},
      pages={1094342014522573},
      year={2014},
      publisher={Sage Publications}
}

@MISC{Bergman08exascalecomputing,
        author = {Keren Bergman and Shekhar Borkar and Dan Campbell and William Carlson and William Dally and Monty Denneau and Paul Franzon and William Harrod and Jon Hiller and Sherman Karp and Stephen Keckler and Dean Klein and Robert Lucas and Mark Richards and Al Scarpelli and Steven Scott and Allan Snavely and Thomas Sterling and R. Stanley Williams and Katherine Yelick and Keren Bergman and Shekhar Borkar and Dan Campbell and William Carlson and William Dally and Monty Denneau and Paul Franzon and William Harrod and Jon Hiller and Stephen Keckler and Dean Klein and Peter Kogge and R. Stanley Williams and Katherine Yelick},
            title = {ExaScale Computing Study: Technology Challenges in Achieving Exascale Systems Peter Kogge, Editor \& Study Lead},
                year = {2008}
}

@Article{Elnozahy:02:Survey,
  author        = {Elnozahy, E. and et. al.},
  title         = {A survey of rollback-recovery protocols in message-passing
                   systems},
  journal       = {{ACM} Computing Surveys},
  year          = {2002},
  volume        = {34},
  number        = {3},
  pages         = {375--408},
  issn          = {0360-0300},
  doi           = {http://doi.acm.org/10.1145/568522.568525}
}

@article{kalaiselvi_sadhana_2000,
year={2000},
issn={0256-2499},
journal={Sadhana},
volume={25},
number={5},
doi={10.1007/BF02703630},
title={A survey of checkpointing algorithms for parallel and distributed computers},
url={http://dx.doi.org/10.1007/BF02703630},
publisher={Springer India},
keywords={Checkpointing algorithms; parallel & distributed computing; shared memory systems; rollback recovery; fault-tolerant systems},
author={Kalaiselvi, S. and Rajaraman, V.},
pages={489-510},
language={English},
}

@article{Chandy:1985:DSD:214451.214456,
     author = {Chandy, K. Mani and Lamport, Leslie},
     title = {Distributed Snapshots: Determining Global States of Distributed Systems},
     journal = {ACM Trans. Comput. Syst.},
     issue_date = {Feb. 1985},
     volume = {3},
     number = {1},
     month = feb,
     year = {1985},
     issn = {0734-2071},
     pages = {63--75},
     numpages = {13},
     url = {http://doi.acm.org/10.1145/214451.214456},
     doi = {10.1145/214451.214456},
     acmid = {214456},
     publisher = {ACM},
     address = {New York, NY, USA},
} 

@inproceedings{bartlett_1981_nonstop,
 author = {Bartlett, Joel F.},
 title = {A NonStop Kernel},
 booktitle = {Proceedings of the Eighth ACM Symposium on Operating Systems Principles},
 series = {SOSP '81},
 year = {1981},
 isbn = {0-89791-062-1},
 location = {Pacific Grove, California, USA},
 pages = {22--29},
 numpages = {8},
 url = {http://doi.acm.org/10.1145/800216.806587},
 doi = {10.1145/800216.806587},
 acmid = {806587},
 publisher = {ACM},
 address = {New York, NY, USA},
} 

@INPROCEEDINGS{tsai_isads_2011, 
author={Tsai, W.-T. and Peide Zhong and Elston, J. and Xiaoying Bai and Yinong Chen}, 
booktitle={Autonomous Decentralized Systems, $10^{th}$ Int. Symp. on}, 
title={Service Replication Strategies with MapReduce in Clouds}, 
year={2011}, 
pages={381-388}, 
keywords={Web services;cartography;cloud computing;geographic information systems;replicated databases;Google App Engine;cloud environment;cloud management service;cloud resource;data processing task;dynamic service replication;optimal service replication strategy;passive SLMR approach;predeployed service replication;processing model;service instance deployment;service level MapReduce;service request load;Cloud computing;Computer architecture;Dispatching;Google;Servers;Speech recognition;Timing;Cloud;Cloud Management Service;Service;Service Level MapReduce;Service Replication}, 
doi={10.1109/ISADS.2011.57},}



@inproceedings{ferreira_sc_2011,
 author = {Ferreira, Kurt and Stearley, Jon and Laros,III, James H. and Oldfield, Ron and Pedretti, Kevin and Brightwell, Ron and Riesen, Rolf and Bridges, Patrick G. and Arnold, Dorian},
 title = {Evaluating the Viability of Process Replication Reliability for Exascale Systems},
 booktitle = {Proceedings of 2011 International Conference for High Performance Computing, Networking, Storage and Analysis},
 series = {SC '11},
 year={2011},
 isbn = {978-1-4503-0771-0},
 location = {Seattle, Washington},
 pages = {44:1--44:12},
 articleno = {44},
 numpages = {12},
 doi = {10.1145/2063384.2063443},
 acmid = {2063443},
}

@article{Cappello:09:Fault,
  author    = {Franck Cappello},
  title     = {Fault Tolerance in Petascale/ Exascale Systems: Current
               Knowledge, Challenges and Research Opportunities},
  journal   = {IJHPCA},
  volume    = {23},
  number    = {3},
  year      = {2009},
  pages     = {212-226},
  bibsource = {DBLP, http://dblp.uni-trier.de}
}

@article{Cappello:2009:TER:1640402.1640428,
 author = {Cappello, Franck and Geist, Al and Gropp, Bill and Kale, Laxmikant and Kramer, Bill and Snir, Marc},
 title = {Toward Exascale Resilience},
 journal = {Int. J. High Perform. Comput. Appl.},
 issue_date = {November  2009},
 volume = {23},
 number = {4},
 month = nov,
 year = {2009},
 issn = {1094-3420},
 pages = {374--388},
 numpages = {15},
 url = {http://dx.doi.org/10.1177/1094342009347767},
 doi = {10.1177/1094342009347767},
 acmid = {1640428},
 publisher = {Sage Publications, Inc.},
 address = {Thousand Oaks, CA, USA},
 keywords = {challenge, exascale, fault tolerance, high-performance computing., resilience},
}

@INPROCEEDINGS{cui_2016_scalcom,
    author = {Xiaolong Cui and Taieb Znati and Rami Melhem},
    title = {Adaptive and power-aware resilience for extreme-scale computing},
    booktitle = {16th IEEE International Conference on Scalable Computing and Communications},
    month = {July 18-21},
    year = {2016}
}
