
@techreport{expanding_universe_gantz_2008,
    author = {Gantz, John F. and Reinsel, David and Chute, Christopher and Schlichting, Wolfgang and Mcarthur, John and Minton, Stephen and Xheneti, Irida and Toncheva, Anna and Manfrediz, Alex},
    citeulike-article-id = {3111957},
    citeulike-linkout-0 = {http://www.emc.com/collateral/analyst-reports/expanding-digital-idc-white-paper.pdf},
    keywords = {informationcapacity, informationscience},
    month = mar,
    posted-at = {2008-08-12 15:33:43},
    priority = {0},
    title = {{IDC - The Expanding Digital Universe: A Forecast of Worldwide Information Growth Through 2010}},
    url = {http://www.emc.com/collateral/analyst-reports/expanding-digital-idc-white-paper.pdf},
    year = {2007}
}

@INPROCEEDINGS{varela_cluster_2010, 
author={Varela, M.R. and Ferreira, K.B. and Riesen, R.}, 
booktitle={Cluster Computing Workshops and Posters (CLUSTER WORKSHOPS), 2010 IEEE International Conference on}, 
title={Fault-tolerance for exascale systems}, 
year={2010}, 
month={sept.}, 
volume={}, 
number={}, 
pages={1 -4}, 
keywords={Checkpointing;Computational modeling;Fault tolerance;Fault tolerant systems;Generators;Protocols;USA Councils;checkpointing;parallel programming;software fault tolerance;CR;HPC;SST;coordinated checkpoint;coordinated restart;exascale systems;fault tolerance method;high performance computing;message logging;redundant computation;structural simulation toolkit;}, 
doi={10.1109/CLUSTERWKSP.2010.5613081}, 
ISSN={}}

@inproceedings{ferreira_hpc_2011,
 author = {Ferreira, Kurt and Stearley, Jon and Laros,III, James H. and Oldfield, Ron and Pedretti, Kevin and Brightwell, Ron and Riesen, Rolf and Bridges, Patrick G. and Arnold, Dorian},
 title = {Evaluating the viability of process replication reliability for exascale systems},
 booktitle = {Proceedings of 2011 International Conference for High Performance Computing, Networking, Storage and Analysis},
 series = {SC '11},
 year = {2011},
 isbn = {978-1-4503-0771-0},
 location = {Seattle, Washington},
 pages = {44:1--44:12},
 articleno = {44},
 numpages = {12},
 url = {http://doi.acm.org/10.1145/2063384.2063443},
 doi = {10.1145/2063384.2063443},
 acmid = {2063443},
 publisher = {ACM},
 address = {New York, NY, USA},
} 

@inproceedings{agarwal_ics_2004,
 author = {Agarwal, Saurabh and Garg, Rahul and Gupta, Meeta S. and Moreira, Jose E.},
 title = {Adaptive incremental checkpointing for massively parallel systems},
 booktitle = {Proceedings of the 18th annual international conference on Supercomputing},
 series = {ICS '04},
 year = {2004},
 isbn = {1-58113-839-3},
 location = {Malo, France},
 pages = {277--286},
 numpages = {10},
 url = {http://doi.acm.org/10.1145/1006209.1006248},
 doi = {10.1145/1006209.1006248},
 acmid = {1006248},
 publisher = {ACM},
 address = {New York, NY, USA},
 keywords = {fault-tolerance, incremental checkpoint, large scale systems, probabilistic checkpoint},
} 

@INPROCEEDINGS{alvisi_ftc_1999, 
author={Alvisi, L. and Elnozahy, E. and Rao, S. and Husain, S.A. and de Mel, A.}, 
booktitle={Fault-Tolerant Computing, 1999. Digest of Papers. Twenty-Ninth Annual International Symposium on}, title={An analysis of communication induced checkpointing}, 
year={1999}, 
month={}, 
volume={}, 
number={}, 
pages={242 -249}, 
keywords={Analytical models;Checkpointing;Computational modeling;Electrical capacitance tomography;Protocols;Prototypes;Scalability;Virtual prototyping;distributed programming;protocols;system recovery;CIC;CIC protocols;distributed computation;independent checkpoints;}, 
doi={10.1109/FTCS.1999.781058}, 
ISSN={0731-3071},}

@article{chandy_trans_1985,
 author = {Chandy, K. Mani and Lamport, Leslie},
 title = {Distributed snapshots: determining global states of distributed systems},
 journal = {ACM Trans. Comput. Syst.},
 issue_date = {Feb. 1985},
 volume = {3},
 number = {1},
 month = feb,
 year = {1985},
 issn = {0734-2071},
 pages = {63--75},
 numpages = {13},
 url = {http://doi.acm.org/10.1145/214451.214456},
 doi = {10.1145/214451.214456},
 acmid = {214456},
 publisher = {ACM},
 address = {New York, NY, USA},
} 

@article{daly_fgcs_2006,
 author = {Daly, J. T.},
 title = {A higher order estimate of the optimum checkpoint interval for restart dumps},
 journal = {Future Gener. Comput. Syst.},
 issue_date = {February 2006},
 volume = {22},
 number = {3},
 month = feb,
 year = {2006},
 issn = {0167-739X},
 pages = {303--312},
 numpages = {10},
 url = {http://dx.doi.org/10.1016/j.future.2004.11.016},
 doi = {10.1016/j.future.2004.11.016},
 acmid = {1134248},
 publisher = {Elsevier Science Publishers B. V.},
 address = {Amsterdam, The Netherlands, The Netherlands},
 keywords = {Lambert function, Poisson failures, optimal checkpointing, perturbation series},
}

@article{elnozahy_cs_2002,
 author = {Elnozahy, E. N. (Mootaz) and Alvisi, Lorenzo and Wang, Yi-Min and Johnson, David B.},
 title = {A survey of rollback-recovery protocols in message-passing systems},
 journal = {ACM Comput. Surv.},
 issue_date = {September 2002},
 volume = {34},
 number = {3},
 month = sep,
 year = {2002},
 issn = {0360-0300},
 pages = {375--408},
 numpages = {34},
 url = {http://doi.acm.org/10.1145/568522.568525},
 doi = {10.1145/568522.568525},
 acmid = {568525},
 publisher = {ACM},
 address = {New York, NY, USA},
 keywords = {message logging, rollback-recovery},
} 

@ARTICLE{elnozahy_dsc_2004, 
author={Elnozahy, E.N. and Plank, J.S.}, 
journal={Dependable and Secure Computing, IEEE Transactions on}, title={Checkpointing for peta-scale systems: a look into the future of practical rollback-recovery}, 
year={2004}, 
month={april-june}, 
volume={1}, 
number={2}, 
pages={ 97 - 108}, 
keywords={Application software;Availability;Checkpointing;Computer Society;Computer applications;Fault tolerant systems;Large-scale systems;Libraries;Programming profession;System performance; distributed programming; fault tolerant computing; multiprocessing systems; software reliability; system recovery; cheap commodity systems; checkpoint restart; commercial systems; distributed applications; distributed systems; fault tolerance; large-scale clusters; multiple-processor systems; petaflop capable systems; petascale system checkpointing; public libraries; rollback recovery; scientific workloads; system configuration; system reliability;65;Index Terms- Distributed systems;availability;distributed applications;evaluation;fault tolerance;measurement;modeling;modeling techniques;performance of systems;reliability;serviceability;simulation of multiple-processor systems.;}, 
doi={10.1109/TDSC.2004.15}, 
ISSN={1545-5971},}

@ARTICLE{geist_reli_1988, 
author={Geist, R. and Reynolds, R. and Westall, J.}, 
journal={Reliability, IEEE Transactions on}, title={Selection of a checkpoint interval in a critical-task environment }, 
year={1988}, 
month={oct}, 
volume={37}, 
number={4}, 
pages={395 -400}, 
keywords={Checkpointing;Control systems;Convolution;Costs;Distributed computing;Integral equations;Real time systems;Reliability;Resumes;failure analysis;reliability theory;checkpoint interval;critical-task completion;failure;optimal strategy;probability;system reliability;system with limited repairs;transaction processing environment;}, 
doi={10.1109/24.9847}, 
ISSN={0018-9529},}

@INPROCEEDINGS{yudan_pdp_2008, 
author={Yudan Liu and Nassar, R. and Leangsuksun, C. and Naksinehaboon, N. and Paun, M. and Scott, S.L.}, 
booktitle={Parallel and Distributed Processing, 2008. IPDPS 2008. IEEE International Symposium on}, title={An optimal checkpoint/restart model for a large scale high performance computing system}, 
year={2008}, 
month={april}, 
volume={}, 
number={}, 
pages={1 -9}, 
keywords={Checkpointing;Cost function;Data analysis;Fault tolerant systems;High performance computing;Large-scale systems;Mathematical model;Mathematics;Reliability;Stochastic processes;checkpointing;fault tolerant computing;parallel processing;checkpoint interval;failure distributions;fault tolerant mechanisms;high performance computing;large scale HPC system;optimal checkpoint-restart model;performance loss;reliability-aware method;rollback time;HPC;Large-scale distributed system events log analysis;checkpoint/restart model;fault-tolerance;reliability;}, 
doi={10.1109/IPDPS.2008.4536279}, 
ISSN={1530-2075},}

@INPROCEEDINGS{naksinehaboon_ccg_2008, 
author={Naksinehaboon, N. and Yudan Liu and Leangsuksun, C. and Nassar, R. and Paun, M. and Scott, S.L.}, 
booktitle={Cluster Computing and the Grid, 2008. CCGRID '08. 8th IEEE International Symposium on}, title={Reliability-Aware Approach: An Incremental Checkpoint/Restart Model in HPC Environments}, 
year={2008}, 
month={may}, 
volume={}, 
number={}, 
pages={783 -788}, 
keywords={Checkpointing;Computer networks;Context modeling;Educational institutions;Grid computing;Large-scale systems;Mathematical model;Mathematics;Scheduling;USA Councils;checkpointing;large-scale systems;software reliability;incremental checkpoint;incremental restart;large-scale HPC system;reliable storage;system checkpoint;system reliability;}, 
doi={10.1109/CCGRID.2008.109}, 
ISSN={},}

@INPROCEEDINGS{oldfield_msst_2007, 
author={Oldfield, R.A. and Arunagiri, S. and Teller, P.J. and Seelam, S. and Varela, M.R. and Riesen, R. and Roth, P.C.}, 
booktitle={Mass Storage Systems and Technologies, 2007. MSST 2007. 24th IEEE Conference on}, title={Modeling the Impact of Checkpoints on Next-Generation Systems}, 
year={2007}, 
month={sept.}, 
volume={}, 
number={}, 
pages={30 -46}, 
keywords={Bandwidth;Computer networks;Contracts;Delay;Fault tolerance;Fault tolerant systems;Laboratories;Large-scale systems;Parallel processing;US Department of Energy;checkpointing;memory architecture;parallel processing;application-driven periodic checkpoint operations;capability-class MPP systems;lightweight storage architectures;massive-scale in-production DOE systems;massively parallel processing systems;mathematical modeling;next-generation systems;overlay networks;petaflop system;}, 
doi={10.1109/MSST.2007.4367962}, 
ISSN={},}

@inproceedings{oliner_ics_2006,
 author = {Oliner, Adam J. and Rudolph, Larry and Sahoo, Ramendra K.},
 title = {Cooperative checkpointing: a robust approach to large-scale systems reliability},
 booktitle = {Proceedings of the 20th annual international conference on Supercomputing},
 series = {ICS '06},
 year = {2006},
 isbn = {1-59593-282-8},
 location = {Cairns, Queensland, Australia},
 pages = {14--23},
 numpages = {10},
 url = {http://doi.acm.org/10.1145/1183401.1183406},
 doi = {10.1145/1183401.1183406},
 acmid = {1183406},
 publisher = {ACM},
 address = {New York, NY, USA},
 keywords = {RAS, cooperative checkpointing, high-performance computing, parallel computing, simulations, supercomputing},
} 

@report{sachs_ascr_2011,
 author = {Sonia R. Sachs},
 title = {Tools for Exascale Computing: Challenges and Strategies},
 location = {Annapolis, Md, USA},
 INSTITUTION = {ASCR Exascale Tools Workshop},
 year = {2011}
}

@report{doe_exascale_2010,
  title = {The Opportunities and Challenges of Exascale Computing},
  year = {2010},
  institution = {Summary Report of the Advanced Scientific Computing Advisory Committee},
  author = {U.S. Department of Energy Office of Science}
}

@INPROCEEDINGS{diouri_dsn_2012,
author={el Mehdi Diouri, M. and Gluck, O. and Lefevre, L. and Cappello, F.}, 
booktitle={Dependable Systems and Networks Workshops (DSN-W), 2012 IEEE/IFIP 42nd International Conference on}, title={Energy considerations in checkpointing and fault tolerance protocols}, 
year={2012}, 
month={june}, 
volume={}, 
number={}, 
pages={1 -6}, 
keywords={Checkpointing;Energy consumption;Fault tolerance;Fault tolerant systems;Power demand;Protocols;Random access memory;checkpointing;fault tolerance;input-output programs;mainframes;power consumption;protocols;random-access storage;system monitoring;HDD logging;I-O operations;RAM logging;checkpointing;data volumes;energy consumption;energy point of view;exascale supercomputers;fault tolerance protocols;main atomic operations;power consumption;process coordination;Checkpointing;Energy consumption;Evaluation;Fault tolerance protocols;}, 
doi={10.1109/DSNW.2012.6264670}, 
ISSN={},}

@report{riesen_sandia_2010,
 author = {Rolf Riesen and Kurt Ferreira and Jon R. Stearley and Ron Oldfield and James H. Laros III and Kevin T. Pedretti and Ron Brightwell},
 INSTITUTION = {Sandia National Laboratories},
 title = {Redundant Computing for Exascale Systems},
 NUMBER = {SAND2010-8709},
 year = {2010},
 month={December}, 
}

@INPROCEEDINGS{srinivasan_dsn_2004,
author={Srinivasan, J. and Adve, S.V. and Bose, P. and Rivers, J.A.}, 
booktitle={Dependable Systems and Networks, 2004 International Conference on}, title={The impact of technology scaling on lifetime reliability}, 
year={2004}, 
month={june-1 july}, 
volume={}, 
number={}, 
pages={ 177 - 186}, 
keywords={CMOS process;CMOS technology;Computer science;Dielectric breakdown;Dynamic voltage scaling;Electromigration;Microarchitecture;Rivers;Thermal stresses;Threshold voltage; CMOS integrated circuits; benchmark testing; integrated circuit reliability; microprocessor chips; CMOS technology; RAMP; electromigration; industrial-strength model; microarchitectural lifetime reliability; processor lifetime reliability; processor performance; reliability estimation; technology scaling; time-dependent dielectric breakdown;}, 
doi={10.1109/DSN.2004.1311888}, 
ISSN={},}

@INPROCEEDINGS{plank_ftc_1999,
author={Plank, J.S. and Thomason, M.G.}, 
booktitle={Fault-Tolerant Computing, 1999. Digest of Papers. Twenty-Ninth Annual International Symposium on}, title={The average availability of parallel checkpointing systems and its importance in selecting runtime parameters}, 
year={1999}, 
month={}, 
volume={}, 
number={}, 
pages={250 -257}, 
keywords={Checkpointing;Computer science;Distributed computing;Electrical capacitance tomography;Electronic switching systems;Parallel processing;Runtime;parallel programming;software fault tolerance;software performance evaluation;checkpointing systems;parallel checkpointing systems;parallel computing;performance models;processor allocation;runtime parameters;}, 
doi={10.1109/FTCS.1999.781059}, 
ISSN={0731-3071},}

@article{strom_tran_1985,
 author = {Strom, Rob and Yemini, Shaula},
 title = {Optimistic recovery in distributed systems},
 journal = {ACM Trans. Comput. Syst.},
 issue_date = {Aug. 1985},
 volume = {3},
 number = {3},
 month = aug,
 year = {1985},
 issn = {0734-2071},
 pages = {204--226},
 numpages = {23},
 url = {http://doi.acm.org/10.1145/3959.3962},
 doi = {10.1145/3959.3962},
 acmid = {3962},
 publisher = {ACM},
 address = {New York, NY, USA},
} 

@INPROCEEDINGS{bhargava_rds_1988, 
author={Bhargava, B. and Shu-Renn Lian}, 
booktitle={Reliable Distributed Systems, 1988. Proceedings., Seventh Symposium on}, title={Independent checkpointing and concurrent rollback for recovery in distributed systems-an optimistic approach}, 
year={1988}, 
month={oct}, 
volume={}, 
number={}, 
pages={3 -12}, 
keywords={Checkpointing;Computer crashes;Computer science;Concurrent computing;Database systems;Delay;Machine intelligence;NASA;Virtual machining;concurrency control;distributed databases;distributed processing;commit;concurrency control;concurrent rollback;distributed systems;independent checkpointing;recovery;site recovery algorithms;transaction processing;two-phase rollback algorithm;}, 
doi={10.1109/RELDIS.1988.25775}, 
ISSN={},}

@inproceedings{koo_acm_1986,
 author = {Koo, Richard and Toueg, Sam},
 title = {Checkpointing and rollback-recovery for distributed systems},
 booktitle = {Proceedings of 1986 ACM Fall joint computer conference},
 series = {ACM '86},
 year = {1986},
 isbn = {0-8186-4743-4},
 location = {Dallas, Texas, USA},
 pages = {1150--1158},
 numpages = {9},
 url = {http://dl.acm.org/citation.cfm?id=324493.325074},
 acmid = {325074},
 publisher = {IEEE Computer Society Press},
 address = {Los Alamitos, CA, USA},
} 

@article{torrellas_extreme_2009,
 author = {Torrellas, Josep},
 title = {Architectures for Extreme-Scale Computing},
 journal = {Computer},
 issue_date = {November 2009},
 volume = {42},
 number = {11},
 month = nov,
 year = {2009},
 issn = {0018-9162},
 pages = {28--35},
 numpages = {8},
 url = {http://dx.doi.org/10.1109/MC.2009.341},
 doi = {10.1109/MC.2009.341},
 acmid = {1674582},
 publisher = {IEEE Computer Society Press},
 address = {Los Alamitos, CA, USA},
 keywords = {Computer architecture, Computer architecture, High-end computing, Energy and power efficiency, Programmability, Extreme-scale computing, Energy and power efficiency, Extreme-scale computing, High-end computing, Programmability},
} 


@inproceedings{pattabiraman_dsc_2005,
 author = {Pattabiraman, Karthik and Vick, Christopher and Wood, Alan},
 title = {Modeling Coordinated Checkpointing for Large-Scale Supercomputers},
 booktitle = {Proceedings of the 2005 International Conference on Dependable Systems and Networks},
 series = {DSN '05},
 year = {2005},
 isbn = {0-7695-2282-3},
 pages = {812--821},
 numpages = {10},
 url = {http://dx.doi.org/10.1109/DSN.2005.67},
 doi = {10.1109/DSN.2005.67},
 acmid = {1078339},
 publisher = {IEEE Computer Society},
 address = {Washington, DC, USA},
} 

@inproceedings{briatico_rdsd_1984,
    author = {Briatico, D. and Ciuffoletti, A. and Simoncini, L.},
    booktitle = {4th IEEE Symposyum on Reliability in Distributed Software and Database Systems},
    citeulike-article-id = {10364744},
    keywords = {ckpt},
    posted-at = {2012-02-18 15:54:57},
    priority = {0},
    title = {{A Distributed Domino-Effect Free Recovery Algorithm}},
    year = {1984}
}

@INPROCEEDINGS{helary_rds_1997,
author={Helary, J.-M. and Mostefaoui, A. and Netzer, R.H.B. and Raynal, M.}, 
booktitle={Reliable Distributed Systems, 1997. Proceedings., The Sixteenth Symposium on}, title={Preventing useless checkpoints in distributed computations}, 
year={1997}, 
month={oct}, 
volume={}, 
number={}, 
pages={183 -190}, 
keywords={Checkpointing;Communication system control;Computational modeling;Computer science;Degradation;Distributed computing;Process control;Protocols;distributed processing;fault tolerant computing;performance evaluation;protocols;reliability;software fault tolerance;system recovery;basic local checkpoints;communication induced checkpointing protocol;communication induced checkpointing protocols;consistent global checkpoint based distributed applications;distributed breakpoints;distributed computations;efficient protocol;local checkpoint;local forced checkpoints;rollback recovery;unstable properties;useless checkpoints;}, 
doi={10.1109/RELDIS.1997.632814}, 
ISSN={1060-9857},}