@inproceedings{schroeder2007,
  title={Understanding failures in petascale computers},
  author={Schroeder, Bianca and Gibson, Garth A},
  booktitle={Journal of Physics: Conference Series},
  volume={78},
  number={1},
  pages={012022},
  year={2007},
  organization={IOP Publishing}
}

@inproceedings{di2014lessons,
  title={Lessons learned from the analysis of system failures at petascale: The case of blue waters},
  author={Di Martino, Catello and Kalbarczyk, Zbigniew and Iyer, Ravishankar K and Baccanico, Fabio and Fullop, Joseph and Kramer, William},
  booktitle={2014 44th Annual IEEE/IFIP International Conference on Dependable Systems and Networks},
  pages={610--621},
  year={2014},
  organization={IEEE}
}

@phdthesis{mills2014power,
  title={Power-Aware Resilience for Exascale Computing},
  author={Mills, Bryan},
  year={2014},
  school={University of Pittsburgh}
}

@INPROCEEDINGS{6468487, 
author={A. Gainaru and F. Cappello and M. Snir and W. Kramer}, 
booktitle={SC}, 
title={Fault prediction under the microscope: A closer look into HPC systems}, 
year={2012}, 
pages={1-11}, 
doi={10.1109/SC.2012.57}, 
ISSN={2167-4329}, 
month={Nov},}


@inproceedings{herault2015practical,
  title={Practical scalable consensus for pseudo-synchronous distributed systems},
  author={Herault, Thomas and et. al.},
  booktitle={SC},
  year={2015}
}

@article{bland2013post,
  title={Post-failure recovery of MPI communication capability: Design and rationale},
  author={Bland, Wesley and et. al.},
  journal={International Journal of High Performance Computing Applications},
  year={2013},
  publisher={Sage Publications}
}

@inproceedings{Bland:2012:EUF:2404033.2404064,
 author = {Bland, Wesley and Aurelien Bouteiller and et. al.},
 title = {An Evaluation of User-level Failure Mitigation Support in MPI},
 series = {EuroMPI},
 year = {2012},
 isbn = {978-3-642-33517-4},
 location = {Vienna, Austria},
 pages = {193--203},
 numpages = {11},
 doi = {10.1007/978-3-642-33518-1_24},
 acmid = {2404064},
 publisher = {Springer-Verlag}
} 


@ARTICLE{1004595, 
author={Wei Chen and Sam Toueg and M. K. Aguilera}, 
journal={IEEE Transactions on Computers}, 
title={On the quality of service of failure detectors}, 
year={2002}, 
volume={51}, 
number={5}, 
pages={561-580}, 
keywords={distributed algorithms;fault tolerant computing;quality of service;QoS;QoS metrics;distributed algorithm;failure detectors;fault tolerance;probabilistic analysis;quality of service;Detectors;Quality of service}, 
doi={10.1109/TC.2002.1004595}, 
ISSN={0018-9340}, 
month={May},}

@inproceedings{engelmann09case,
  author        = "Christian Engelmann
                   and Hong H. Ong
                   and Stephen L. Scott",
  title         = "The Case for Modular Redundancy in Large-Scale High
                   Performance Computing Systems",
  booktitle     = "Proceedings of the
                   {$8^{th}$ IASTED International Conference on Parallel and
                   Distributed Computing and Networks (PDCN) 2009}",
  pages         = "189--194",
  year          = "2009",
  address       = "Innsbruck, Austria",
  publisher     = "ACTA Press, Calgary, AB,
                   Canada",
  isbn          = "978-0-88986-784-0"
}


@inproceedings{Sarood2014,
 author = {Sarood, Osman and et. al.},
 title = {Maximizing Throughput of Overprovisioned HPC Data Centers Under a Strict Power Budget},
 series = {SC '14},
 isbn = {978-1-4799-5500-8},
 location = {New Orleans, Louisana},
 pages = {807--818},
 numpages = {12},
 doi = {10.1109/SC.2014.71},
 acmid = {2683682},
 address = {Piscataway, NJ, USA},
} 

@inproceedings{Villa2014,
 author = {Villa, Oreste and et. al.},
 title = {Scaling the Power Wall: A Path to Exascale},
 series = {SC '14},
 location = {New Orleans, Louisana},
 numpages = {12},
 acmid = {2683684},
 address = {Piscataway, NJ, USA},
}

@book{muller2010,
year={2010},
isbn={978-3-642-11260-7},
booktitle={Tools for High Performance Computing 2009},
editor={MÃ¼ller, Matthias S. and Resch, Michael M. and Schulz, Alexander and Nagel, Wolfgang E.},
doi={10.1007/978-3-642-11261-4_6},
title={HPC Profiling with the Sun Studio Performance Tools},
url={http://dx.doi.org/10.1007/978-3-642-11261-4_6},
publisher={Springer Berlin Heidelberg},
author={Itzkowitz, Marty and Maruyama, Yukon},
pages={67-93},
language={English}
}

@book{reinhardt2000transient,
  title={Transient fault detection via simultaneous multithreading},
  author={Reinhardt, Steven K and et. al.},
  volume={28},
  number={2},
  year={2000},
  publisher={ACM}
}

@inproceedings{Wadden:2014:RDE:2665671.2665686,
 author = {Wadden, Jack and et. al.},
 title = {Real-world Design and Evaluation of Compiler-managed GPU Redundant Multithreading},
 booktitle = {ISCA '14},
 isbn = {978-1-4799-4394-4},
 location = {Minneapolis, Minnesota, USA},
 numpages = {12},
 acmid = {2665686},
 publisher = {IEEE Press},
 address = {Piscataway, NJ, USA},
}

@inproceedings{engelmann2011redundant,
  title={Redundant execution of HPC applications with MR-MPI},
  author={Engelmann, Christian and B{\"o}hm, Swen},
  booktitle={PDCN},
  pages={15--17},
  year={2011}
}

@inproceedings{Kling:2013:PSM:2486159.2486183,
 author = {Kling, Peter and Pietrzyk, Peter},
 title = {Profitable Scheduling on Multiple Speed-scalable Processors},
 series = {SPAA '13},
 year = {2013},
 isbn = {978-1-4503-1572-2},
 location = {Montr\&\#233;al, Qu\&\#233;bec, Canada},
 pages = {251--260},
 numpages = {10},
 url = {http://doi.acm.org/10.1145/2486159.2486183},
 doi = {10.1145/2486159.2486183},
 acmid = {2486183},
 publisher = {ACM},
 address = {New York, NY, USA},
 keywords = {convex programming, energy, online algorithms, primal-dual, scheduling},
} 

@inproceedings{Albers:2011:MSS:1989493.1989539,
 author = {Albers, Susanne and Antoniadis, Antonios and Greiner, Gero},
 title = {On Multi-processor Speed Scaling with Migration: Extended Abstract},
 series = {SPAA '11},
 year = {2011},
 isbn = {978-1-4503-0743-7},
 location = {San Jose, California, USA},
 pages = {279--288},
 numpages = {10},
 url = {http://doi.acm.org/10.1145/1989493.1989539},
 doi = {10.1145/1989493.1989539},
 acmid = {1989539},
 publisher = {ACM},
 address = {New York, NY, USA},
 keywords = {competitive analysis, energy efficiency, flow computation, offline algorithm, online algorithm},
}

@inproceedings{elnozahy2003energy,
  title={Energy conservation policies for web servers},
  author={Elnozahy, Mootaz and Kistler, Michael and Rajamony, Ramakrishnan},
  booktitle={Proceedings of the 4th conference on USENIX Symposium on Internet Technologies and Systems-Volume 4},
  pages={8--8},
  year={2003},
  organization={USENIX Association}
}

@article{cui_en7085151,
author = {Xiaolong Cui and et. al.},
title = {Shadow Replication: An Energy-Aware, Fault-Tolerant Computational Model for Green Cloud Computing},
journal = {Energies},
volume = {7},
year = {2014},
number = {8},
pages = {5151--5176},
issn = {1996-1073},
doi = {10.3390/en7085151}
}

@article{cristian_comm_1991,
 author = {Cristian, Flavin},
 title = {Understanding fault-tolerant distributed systems},
 journal = {Commun. ACM},
 issue_date = {Feb. 1991},
 volume = {34},
 number = {2},
 month = feb,
 year = {1991},
 issn = {0001-0782},
 pages = {56--78},
 numpages = {23},
 doi = {10.1145/102792.102801},
 acmid = {102801},
 publisher = {ACM},
 address = {New York, NY, USA},
}

@article{gartner_faults_1999,
 author = {G\"{a}rtner, Felix C.},
 title = {Fundamentals of fault-tolerant distributed computing in asynchronous environments},
 journal = {ACM Comput. Surv.},
 issue_date = {March 1999},
 volume = {31},
 number = {1},
 month = mar,
 year = {1999},
 issn = {0360-0300},
 pages = {1--26},
 numpages = {26},
 doi = {10.1145/311531.311532},
 acmid = {311532},
 publisher = {ACM},
 address = {New York, NY, USA},
 keywords = {agreement problem, asynchronous system, consensus problem, failure correction, failure detection, fault models, fault tolerance, liveness, message passing, possibility detection, predicate detection, redundancy, safety},
}

@INPROCEEDINGS{466961, 
author={Huang, Y. and Kintala, C. and Kolettis, N. and Fulton, N.D.}, 
booktitle={Fault-Tolerant Computing, 1995. FTCS-25. Digest of Papers., Twenty-Fifth International Symposium on}, 
title={Software rejuvenation: analysis, module and applications}, 
year={1995}, 
month={June}, 
pages={381-390}, 
keywords={Unix;client-server systems;financial data processing;invoicing;operating systems (computers);software engineering;software fault tolerance;telecommunication computing;AT&T;UNIX platform;application restart;application termination;billing data collection subsystem;checkpoint;clean internal state;client-server application;continuously-running systems;costs;downtime;idle time;long-running computation-intensive application;reusable module;scientific applications;server process rejuvenation;service availability;software rejuvenation;telecommunications operations system;threshold conditions;Application software;Availability;Computer bugs;Costs;Databases;Debugging;Fault tolerance;Software systems;Telecommunications;Testing}, 
doi={10.1109/FTCS.1995.466961},}

@inproceedings{koopman_1999_posix,
 author = {Koopman, Philip and DeVale, John},
 title = {Comparing the Robustness of POSIX Operating Systems},
 booktitle = {Proceedings of the Twenty-Ninth Annual International Symposium on Fault-Tolerant Computing},
 series = {FTCS '99},
 year = {1999},
 isbn = {0-7695-0213-X},
 pages = {30--},
 url = {http://dl.acm.org/citation.cfm?id=795672.796953},
 acmid = {796953},
 publisher = {IEEE Computer Society},
 address = {Washington, DC, USA},
 keywords = {software robustness testing, operating systems},
} 

@INPROCEEDINGS{diouri_dsn_2012,
 author={el Mehdi Diouri, M. and Gluck, O. and Lefevre, L. and Cappello, F.},
 booktitle={Dependable Systems and Networks Workshops (DSN-W), 2012 IEEE/IFIP 42nd International Conference on}, title={Energy considerations in checkpointing and fault tolerance protocols},
 year={2012},
 keywords={Checkpointing;Energy consumption;Fault tolerance;Fault tolerant systems;Power demand;Protocols;Random access memory;checkpointing;fault tolerance;input-output programs;mainframes;power consumption;protocols;random-access storage;system monitoring;HDD logging;I-O operations;RAM logging;checkpointing;data volumes;energy consumption;energy point of view;exascale supercomputers;fault tolerance protocols;main atomic operations;power consumption;process coordination;Checkpointing;Energy consumption;Evaluation;Fault tolerance protocols;},
 doi={10.1109/DSNW.2012.6264670},
}

@inproceedings{zhu2004analysis,
  title={Analysis of an energy efficient optimistic tmr scheme},
  author={Zhu, Dakai and Melhem, Rami and Mosse, Daniel and Elnozahy, Elmootazbellah},
  booktitle={Parallel and Distributed Systems, 2004. ICPADS 2004. Proceedings. Tenth International Conference on},
  pages={559--568},
  year={2004},
  organization={IEEE}
}

@inproceedings{chen_2011_hystor,
 author = {Chen, Feng and Koufaty, David A. and Zhang, Xiaodong},
 title = {Hystor: Making the Best Use of Solid State Drives in High Performance Storage Systems},
 series = {ICS},
 year = {2011},
 isbn = {978-1-4503-0102-2},
 location = {Tucson, Arizona, USA},
 pages = {22--32},
 numpages = {11},
 url = {http://doi.acm.org/10.1145/1995896.1995902},
 doi = {10.1145/1995896.1995902},
 acmid = {1995902},
 address = {New York, USA},
 keywords = {hard disk drive, hybrid storage system, solid state drive},
} 

@INPROCEEDINGS{laprie_1995_terms, 
author={Laprie, J.-C.}, 
booktitle={Fault-Tolerant Computing, 1995, Highlights from Twenty-Five Years., Twenty-Fifth International Symposium on}, 
title={DEPENDABLE COMPUTING AND FAULT TOLERANCE : CONCEPTS AND TERMINOLOGY}, 
year={1995}, 
month={Jun}, 
pages={2-}, 
keywords={Dictionaries;Fault tolerance;Fault tolerant systems;Guidelines;Helium;Maintenance;Procurement;Radio access networks;Safety;Terminology}, 
doi={10.1109/FTCSH.1995.532603},}

@INPROCEEDINGS{Engelmann06towardshigh,
    author = {C. Engelmann and S. L. Scott and C. Leangsuksun and X. He},
    title = {Towards high availability for high-performance computing system services: Accomplishments and limitations},
    booktitle = {In Proceedings of High Availability and Performance Workshop},
    year = {2006}
}

@ARTICLE{avizienis_2004_dsc, 
author={Avizienis, A. and Laprie, J.-C. and Randell, B. and Landwehr, C.}, 
journal={Dependable and Secure Computing, IEEE Transactions on}, 
title={Basic concepts and taxonomy of dependable and secure computing}, 
year={2004}, 
month={Jan}, 
volume={1}, 
number={1}, 
pages={11-33}, 
keywords={data privacy;fault tolerant computing;security of data;software reliability;system recovery;dependable computing;fault forecasting;fault prevention;fault removal;fault tolerance;secure computing;system attacks;system availability;system failures;system integrity;system maintainability;system reliability;system safety;system security;system vulnerabilities;taxonomy;Availability;Books;Communication system security;Fault tolerance;Maintenance;Safety;Standardization;Taxonomy;Uncertainty;65;Index Terms- Dependability;attacks;errors;failures;fault forecasting.;fault removal;fault tolerance;faults;security;trust;vulnerabilities}, 
doi={10.1109/TDSC.2004.2}, 
ISSN={1545-5971},}

@INPROCEEDINGS{mills_2014_icnc,
    author = {Bryan Mills and et. al.},
    title = {Shadow Computing: An Energy-Aware Fault Tolerant Computing Model},
    booktitle = {ICNC},
    year = {2014}
}

@INPROCEEDINGS{mills_2013_e2sc,
    author = {Bryan Mills and Ryan E. Grant and Kurt B. Ferreira and Rolf Riesen},
    title = {Evaluating Energy Saving for Checkpoint/Restart},
    booktitle = {First International Workshop on Energy Efficient Supercomputing (E2SC) in conjunction with SC13: The International Conference for High Performance Computing, Networking, Storage and Analysis },
    location = {Denver, Colorado},
    month = {Nov},
    year = {2013}
}

@INPROCEEDINGS{mills_2014_pdp,
    author = {Bryan Mills and Taieb Znati and Rami Melhem and Ryan E. Grant and Kurt B. Ferreira},
    title = {Energy Consumption of Resilience Mechanisms in Large Scale Systems},
    booktitle = {Parallel, Distributed and Network-Based Processing (PDP), 22st Euromicro International Conference},
    month = {Feb},
    year = {2014}
}

@INPROCEEDINGS{cui_2014_closer,
    author = {Xiaolong Cui and Bryan Mills and Taieb Znati and Rami Melhem},
    title = {Shadows on the Cloud: An energy-aware, profit maximizing resilience framework for cloud computing},
    booktitle = {CLOSER},
    month = {April},
    year = {2014}
}

@inproceedings{ferreira_sc_2011,
 author = {Ferreira, Kurt and Stearley, Jon and Laros,III, James H. and Oldfield, Ron and Pedretti, Kevin and Brightwell, Ron and Riesen, Rolf and Bridges, Patrick G. and Arnold, Dorian},
 title = {Evaluating the Viability of Process Replication Reliability for Exascale Systems},
 booktitle = {Proceedings of 2011 International Conference for High Performance Computing, Networking, Storage and Analysis},
 series = {SC '11},
 isbn = {978-1-4503-0771-0},
 location = {Seattle, Washington},
 pages = {44:1--44:12},
 articleno = {44},
 numpages = {12},
 doi = {10.1145/2063384.2063443},
 acmid = {2063443},
}

@techreport { ferreira_rmpi,
title            = "rMPI: increasing fault resiliency in a message-passing environment",
year             = "2011",
author           = "Kurt Ferreira and Rolf Riesen and Ron Oldfield and Jon Stearley and James Laros and Kevin Pedretti and Ron Brightwell",
institution      = "Sandia National Laboratories",
number           = "SAND2011-2488",
address          = "Albuquerque, New Mexico",
keywords         = "rMPI,fault-tolerance,resilience,modeling,replication,9Lives"
}

@techreport { sandia_exascale_projections,
title            = "Yearly Update: Exascale Projections for 2013",
year             = "2013",
author           = "Peter M. Kogge and David R. Resnick",
institution      = "Sandia National Laboratories",
number           = "SAND2013-9229",
address          = "Albuquerque, New Mexico"
}

@conference{li_mrmpi,
  author        = "Min Li and
                   Sudharshan S. Vazhkudai and
                   Ali R. Butt and
                   Fei Meng and
                   Xiaosong Ma and
                   Youngjae Kim and
                   Christian Engelmann and
                   Galen Shipman",
  title         = "Functional Partitioning to Optimize End-to-End Performance on
                   Many-Core Architectures",
  booktitle     = "Proceedings of the
                   \href{http://sc10.supercomputing.org}{$23^{rd}$ IEEE/ACM
                   International Conference on High Performance Computing,
                   Networking, Storage and Analysis (SC) 2010}",
  pages         = "1-12",
  month         = nov # "~13-19, ",
  year          = "2010",
  address       = "New Orleans, LA, USA",
  publisher     = "\href{http://www.acm.org}{ACM Press, New York, NY, USA}",
  isbn          = "978-1-4244-7559-9",
  doi           = "http://dx.doi.org/10.1109/SC.2010.28",
  url           = "http://www.csm.ornl.gov/~engelman/publications/li10functional.pdf"
 }

@incollection{leblanc_volpex,
year={2009},
isbn={978-3-642-03769-6},
booktitle={Recent Advances in Parallel Virtual Machine and Message Passing Interface},
volume={5759},
series={Lecture Notes in Computer Science},
editor={Ropo, Matti and Westerholm, Jan and Dongarra, Jack},
doi={10.1007/978-3-642-03770-2_19},
title={VolpexMPI: An MPI Library for Execution of Parallel Applications on Volatile Nodes},
url={http://dx.doi.org/10.1007/978-3-642-03770-2_19},
publisher={Springer Berlin Heidelberg},
author={LeBlanc, Troy and Anand, Rakhi and Gabriel, Edgar and Subhlok, Jaspal},
pages={124-133}
}

@inproceedings{randell_domino_effect,
 author = {Randell, B.},
 title = {System structure for software fault tolerance},
 booktitle = {Proceedings of the international conference on Reliable software},
 year = {1975},
 location = {Los Angeles, California},
 numpages = {13},
 doi = {10.1145/800027.808467},
 acmid = {808467},
 publisher = {ACM},
 address = {New York, NY, USA},
 keywords = {Acceptance test, Alternate block, Checkpoint, Conversation, Error detection, Error recovery, Recovery block, Recursive cache},
} 

@MISC{bergman_exascale_computing_2008,
    author = {Keren Bergman and Shekhar Borkar and Dan Campbell and William Carlson and William Dally and Monty Denneau and Paul Franzon and William Harrod and Jon Hiller and Sherman Karp and Stephen Keckler and Dean Klein and Robert Lucas and Mark Richards and Al Scarpelli and Steven Scott and Allan Snavely and Thomas Sterling and R. Stanley Williams and Katherine Yelick and Peter Kogge},
    title = {ExaScale Computing Study: Technology Challenges in Achieving Exascale Systems},
    year = {2008},
}

@INPROCEEDINGS{varela_cluster_2010, 
author={Varela, M.R. and Ferreira, K.B. and Riesen, R.}, 
booktitle={Cluster Computing Workshops and Posters (CLUSTER WORKSHOPS), 2010 IEEE International Conference on}, 
title={Fault-tolerance for exascale systems}, 
year={2010}, 
month={sept.}, 
volume={}, 
number={}, 
pages={1 -4}, 
keywords={Checkpointing;Computational modeling;Fault tolerance;Fault tolerant systems;Generators;Protocols;USA Councils;checkpointing;parallel programming;software fault tolerance;CR;HPC;SST;coordinated checkpoint;coordinated restart;exascale systems;fault tolerance method;high performance computing;message logging;redundant computation;structural simulation toolkit;}, 
doi={10.1109/CLUSTERWKSP.2010.5613081}, 
ISSN={}}

@inproceedings{laros_igcc_2013,
  author    = {James Laros and Phil Pokorny and David DeBonis},
  title     = {PowerInsight - A Commodity Power Measurement Capability},
  booktitle = {The Third International Workshop on Power Measurement and Profiling in conjunction with IEEE IGCC 2013},
  year      = {2013},
  address   = {Arlington Va}
}

@inproceedings{laros_hpc_2012,
  author    = {James Laros and Kevin Pedretti and Suzanne Kelly and Wei Shu and Courtenay Vaughan},
  title     = {Energy Based Performance Tuning for Large Scale High Performance Computing Systems},
  booktitle = {20th High Performance Computing Symposium},
  year      = {2012},
  address   = {Orlando Florida}
}

@ARTICLE{hazucha_2000_cmos, 
author={Hazucha, P. and Svensson, C.}, 
journal={Nuclear Science, IEEE Transactions on}, 
title={Impact of {CMOS} technology scaling on the atmospheric neutron soft error rate}, 
year={2000}, 
month={Dec}, 
volume={47}, 
number={6}, 
pages={2586-2594}, 
keywords={CMOS integrated circuits;integrated circuit reliability;neutron effects;CMOS technology scaling impact;airplane flight altitudes;atmospheric neutron soft error rate;empirical model;ground level;lightly-doped p-type wafer;Airplanes;Atmospheric modeling;CMOS process;CMOS technology;Circuits;Error analysis;Manufacturing processes;Neutrons;Predictive models;Semiconductor device modeling}, 
doi={10.1109/23.903813}, 
ISSN={0018-9499},}


@inproceedings{yang_2013_IDP,
 author = {Yang, Xu and Zhou, Zhou and Wallace, Sean and Lan, Zhiling and Tang, Wei and Coghlan, Susan and Papka, Michael E.},
 title = {Integrating Dynamic Pricing of Electricity into Energy Aware Scheduling for {HPC} Systems},
 booktitle = {Proceedings of the International Conference on High Performance Computing, Networking, Storage and Analysis},
 series = {SC '13},
 year = {2013},
 isbn = {978-1-4503-2378-9},
 location = {Denver, Colorado},
 pages = {60:1--60:11},
 articleno = {60},
 numpages = {11},
 url = {http://doi.acm.org/10.1145/2503210.2503264},
 doi = {10.1145/2503210.2503264},
 acmid = {2503264},
 publisher = {ACM},
 address = {New York, NY, USA},
 keywords = {electricity bill, job scheduling, power, system utilization},
} 

@inproceedings{gamell_2013_power,
 author = {Gamell, Marc and Rodero, Ivan and Parashar, Manish and Bennett, Janine C. and Kolla, Hemanth and Chen, Jacqueline and Bremer, Peer-Timo and Landge, Aaditya G. and Gyulassy, Attila and McCormick, Patrick and Pakin, Scott and Pascucci, Valerio and Klasky, Scott},
 title = {Exploring Power Behaviors and Trade-offs of In-situ Data Analytics},
 booktitle = {Proceedings of the International Conference on High Performance Computing, Networking, Storage and Analysis},
 series = {SC '13},
 year = {2013},
 isbn = {978-1-4503-2378-9},
 location = {Denver, Colorado},
 pages = {77:1--77:12},
 articleno = {77},
 numpages = {12},
 url = {http://doi.acm.org/10.1145/2503210.2503303},
 doi = {10.1145/2503210.2503303},
 acmid = {2503303},
 publisher = {ACM},
 address = {New York, NY, USA},
} 


@article{cameron_pds_2010,
author = {Rong Ge and Xizhou Feng and Shuaiwen Song and Hung-Ching Chang and Dong Li and Kirk W. Cameron},
title = {PowerPack: Energy Profiling and Analysis of High-Performance Systems and Applications},
journal ={IEEE Transactions on Parallel and Distributed Systems},
volume = {21},
number = {5},
issn = {1045-9219},
year = {2010},
doi = {http://doi.ieeecomputersociety.org/10.1109/TPDS.2009.76},
publisher = {IEEE Computer Society},
address = {Los Alamitos, CA, USA},
}

 

@INPROCEEDINGS{alvisi_ftc_1999, 
author={L. Alvisi and E. Elnozahy and S. Rao and S. A. Husain and A. de Mel}, 
booktitle={Fault-Tolerant Computing}, title={An analysis of communication induced checkpointing}, 
year={1999}, 
month={}, 
volume={}, 
number={}, 
keywords={Analytical models;Checkpointing;Computational modeling;Electrical capacitance tomography;Protocols;Prototypes;Scalability;Virtual prototyping;distributed programming;protocols;system recovery;CIC;CIC protocols;distributed computation;independent checkpoints;}, 
doi={10.1109/FTCS.1999.781058}, 
ISSN={0731-3071},}

@article{athari_estmeanexp_2008,
author = {Faris Muslim Al-Athari},
title = {Estimation of the Mean of Truncated Exponential Distribution},
journal = {Journal of Mathematics and Statistics},
issn = {1549-3644},
year = {2008}
}

@INPROCEEDINGS{qi_2010_global, 
author={Xuan Qi and Dakai Zhu and Aydin, H.}, 
booktitle={Embedded and Real-Time Computing Systems and Applications (RTCSA), 2010 IEEE 16th International Conference on}, 
title={Global Reliability-Aware Power Management for Multiprocessor Real-Time Systems}, 
year={2010}, 
month={Aug}, 
pages={183-192}, 
keywords={multiprocessing systems;power aware computing;real-time systems;reliability theory;DVFS;RAPM;dynamic slack reclamation;dynamic voltage and frequency scaling;energy savings;multiprocessor real-time systems;reliability-aware power management;Energy consumption;Multiprocessing systems;Real time systems;Reliability;Schedules;Time frequency analysis;Transient analysis;Power management;global scheduing;multiprocessor real-time systems;reliability}, 
doi={10.1109/RTCSA.2010.44}, 
ISSN={1533-2306},}

@article{hakan_2011_rapm,
year={2011},
issn={0922-6443},
journal={Real-Time Systems},
volume={47},
number={2},
doi={10.1007/s11241-011-9117-x},
title={Global scheduling based reliability-aware power management for multiprocessor real-time systems},
url={http://dx.doi.org/10.1007/s11241-011-9117-x},
publisher={Springer US},
keywords={Energy management; Dynamic voltage and frequency scaling; Reliability management; Multiprocessor real-time systems},
author={Qi, Xuan and Zhu, Dakai and Aydin, Hakan},
pages={109-142},
language={English}
}


@article{chandy_trans_1985,
 author = {Chandy, K. Mani and Lamport, Leslie},
 title = {Distributed snapshots: determining global states of distributed systems},
 journal = {ACM Trans. Comput. Syst.},
 issue_date = {Feb. 1985},
 volume = {3},
 number = {1},
 month = feb,
 year = {1985},
 issn = {0734-2071},
 pages = {63--75},
 numpages = {13},
 url = {http://doi.acm.org/10.1145/214451.214456},
 doi = {10.1145/214451.214456},
 acmid = {214456},
 publisher = {ACM},
 address = {New York, NY, USA},
} 
@ARTICLE{chandy_trans_1972, 
author={Chandy, K.M. and Ramamoorthy, C.V.}, 
journal={Computers, IEEE Transactions on}, 
title={Rollback and Recovery Strategies for Computer Programs}, 
year={1972}, 
month={June}, 
volume={C-21}, 
number={6}, 
pages={546-556}, 
keywords={Aerospace control;Computer errors;Error correction;Fault detection;Fault tolerance;Hardware;Parity check codes;Process control;Redundancy;Registers;Computer programs;fault tolerance;graph models;recovery;reliability;rollback}, 
doi={10.1109/TC.1972.5009007}, 
ISSN={0018-9340},}

@article{daly_fgcs_2006,
 author = {Daly, J.},
 title = {A higher order estimate of the optimum checkpoint interval for restart dumps},
 journal = {Future Gener. Comput. Syst.},
 issue_date = {February 2006},
 volume = {22},
 number = {3},
 month = feb,
 year = {2006},
 issn = {0167-739X},
 pages = {303--312},
 numpages = {10},
 doi = {10.1016/j.future.2004.11.016},
 acmid = {1134248},
 publisher = {Elsevier Science Publishers B. V.},
 address = {Amsterdam, The Netherlands, The Netherlands},
 keywords = {Lambert function, Poisson failures, optimal checkpointing, perturbation series},
}

@article{wang_1995_pds,
 author = {Wang, Yi-Min and Chung, Pi-Yu and Lin, In-Jen and Fuchs, W. Kent},
 title = {Checkpoint Space Reclamation for Uncoordinated Checkpointing in Message-Passing Systems.},
 journal = {IEEE Trans. Parallel Distrib. Syst.},
 issue_date = {May 1995},
 volume = {6},
 number = {5},
 month = may,
 year = {1995},
 issn = {1045-9219},
 pages = {546--554},
 numpages = {9},
 url = {http://dx.doi.org/10.1109/71.382324},
 doi = {10.1109/71.382324},
 acmid = {205148},
 publisher = {IEEE Press},
 address = {Piscataway, NJ, USA},
} 


@INPROCEEDINGS{wang_1993_ftcs,
author={Yi-Min Wang and Yennun Huang and Fuchs, W.K.}, 
booktitle={Fault-Tolerant Computing, 1993. FTCS-23. Digest of Papers., The Twenty-Third International Symposium on}, 
title={Progressive retry for software error recovery in distributed systems}, 
year={1993}, 
month={June}, 
pages={138-144}, 
keywords={software fault tolerance;checkpointing;distributed systems;execution retry;message reordering;nondeterminism;progressive retry;rollback;software error recovery;telecommunications software systems;transient hardware failure recovery;Checkpointing;Computer errors;Contracts;Costs;Hardware;NASA;Protocols;Runtime;Software systems;Testing}, 
doi={10.1109/FTCS.1993.627317}, 
ISSN={0731-3071},}


@inproceedings{powell_sosp_1983,
 author = {Powell, Michael L. and Presotto, David L.},
 title = {Publishing: a reliable broadcast communication mechanism},
 booktitle = {Proceedings of the ninth ACM symposium on Operating systems principles},
 series = {SOSP '83},
 year = {1983},
 isbn = {0-89791-115-6},
 location = {Bretton Woods, New Hampshire, USA},
 pages = {100--109},
 numpages = {10},
 url = {http://doi.acm.org/10.1145/800217.806618},
 doi = {10.1145/800217.806618},
 acmid = {806618},
 publisher = {ACM},
 address = {New York, NY, USA},
} 

@article{jiang_jpdc_2008,
 author = {Jiang, Qiangfeng and Luo, Yi and Manivannan, D.},
 title = {An optimistic checkpointing and message logging approach for consistent global checkpoint collection in distributed systems},
 journal = {J. Parallel Distrib. Comput.},
 issue_date = {December, 2008},
 volume = {68},
 number = {12},
 month = dec,
 year = {2008},
 issn = {0743-7315},
 pages = {1575--1589},
 numpages = {15},
 url = {http://dx.doi.org/10.1016/j.jpdc.2008.08.003},
 doi = {10.1016/j.jpdc.2008.08.003},
 acmid = {1465430},
 publisher = {Academic Press, Inc.},
 address = {Orlando, FL, USA},
 keywords = {Checkpointing, Communication-induced checkpointing, Distributed systems, Fault-tolerance, Rollback recovery},
} 

@article{bronevetsky_sigplan_2003,
 author = {Bronevetsky, Greg and Marques, Daniel and Pingali, Keshav and Stodghill, Paul},
 title = {Automated application-level checkpointing of MPI programs},
 journal = {SIGPLAN Not.},
 issue_date = {October 2003},
 volume = {38},
 number = {10},
 month = jun,
 year = {2003},
 issn = {0362-1340},
 pages = {84--94},
 numpages = {11},
 url = {http://doi.acm.org/10.1145/966049.781513},
 doi = {10.1145/966049.781513},
 acmid = {781513},
 publisher = {ACM},
 address = {New York, NY, USA},
 keywords = {MPI, application-level checkpointing, fault-tolerance, non-FIFO communication, scientific computing},
} 

@ARTICLE{elnozahy_dsc_2004, 
author={Elnozahy, E.N. and Plank, J.S.}, 
journal={DSC}, title={Checkpointing for peta-scale systems: a look into the future of practical rollback-recovery}, 
year={2004}, 
month={april-june}, 
volume={1}, 
number={2}, 
pages={ 97 - 108}, 
keywords={Application software;Availability;Checkpointing;Computer Society;Computer applications;Fault tolerant systems;Large-scale systems;Libraries;Programming profession;System performance; distributed programming; fault tolerant computing; multiprocessing systems; software reliability; system recovery; cheap commodity systems; checkpoint restart; commercial systems; distributed applications; distributed systems; fault tolerance; large-scale clusters; multiple-processor systems; petaflop capable systems; petascale system checkpointing; public libraries; rollback recovery; scientific workloads; system configuration; system reliability;65;Index Terms- Distributed systems;availability;distributed applications;evaluation;fault tolerance;measurement;modeling;modeling techniques;performance of systems;reliability;serviceability;simulation of multiple-processor systems.;}, 
doi={10.1109/TDSC.2004.15}, 
ISSN={1545-5971},}

@ARTICLE{geist_reli_1988, 
author={Geist, R. and Reynolds, R. and Westall, J.}, 
journal={Reliability, IEEE Transactions on}, title={Selection of a checkpoint interval in a critical-task environment }, 
year={1988}, 
month={oct}, 
volume={37}, 
number={4}, 
pages={395 -400}, 
keywords={Checkpointing;Control systems;Convolution;Costs;Distributed computing;Integral equations;Real time systems;Reliability;Resumes;failure analysis;reliability theory;checkpoint interval;critical-task completion;failure;optimal strategy;probability;system reliability;system with limited repairs;transaction processing environment;}, 
doi={10.1109/24.9847}, 
ISSN={0018-9529},}

@INPROCEEDINGS{nam_ftc_1997,
    author = {Hyo-chang Nam and Jong Kim and Sunggu Lee and Sunggu Lee},
    title = {Probabilistic Checkpointing},
    booktitle = {In Proceedings of Intl. Symposium on Fault-Tolerant Computing},
    year = {1997},
    pages = {153--160}
}

@article{lamport_comm_1978,
 author = {Lamport, Leslie},
 title = {Time, clocks, and the ordering of events in a distributed system},
 journal = {Commun. ACM},
 issue_date = {July 1978},
 volume = {21},
 number = {7},
 month = jul,
 year = {1978},
 issn = {0001-0782},
 pages = {558--565},
 numpages = {8},
 url = {http://doi.acm.org/10.1145/359545.359563},
 doi = {10.1145/359545.359563},
 acmid = {359563},
 publisher = {ACM},
 address = {New York, NY, USA},
 keywords = {clock synchronization, computer networks, distributed systems, multiprocess systems},
} 


@INPROCEEDINGS{yudan_pdp_2008, 
author={Yudan Liu and Nassar, R. and Leangsuksun, C. and Naksinehaboon, N. and Paun, M. and Scott, S.L.}, 
booktitle={Parallel and Distributed Processing, 2008. IPDPS 2008. IEEE International Symposium on}, title={An optimal checkpoint/restart model for a large scale high performance computing system}, 
year={2008}, 
month={april}, 
volume={}, 
number={}, 
pages={1 -9}, 
keywords={Checkpointing;Cost function;Data analysis;Fault tolerant systems;High performance computing;Large-scale systems;Mathematical model;Mathematics;Reliability;Stochastic processes;checkpointing;fault tolerant computing;parallel processing;checkpoint interval;failure distributions;fault tolerant mechanisms;high performance computing;large scale HPC system;optimal checkpoint-restart model;performance loss;reliability-aware method;rollback time;HPC;Large-scale distributed system events log analysis;checkpoint/restart model;fault-tolerance;reliability;}, 
doi={10.1109/IPDPS.2008.4536279}, 
ISSN={1530-2075},}

@INPROCEEDINGS{naksinehaboon_ccg_2008, 
author={Naksinehaboon, N. and Yudan Liu and Leangsuksun, C. and Nassar, R. and Paun, M. and Scott, S.L.}, 
booktitle={Cluster Computing and the Grid, 2008. CCGRID '08. 8th IEEE International Symposium on}, title={Reliability-Aware Approach: An Incremental Checkpoint/Restart Model in {HPC} Environments}, 
year={2008}, 
month={may}, 
volume={}, 
number={}, 
pages={783 -788}, 
keywords={Checkpointing;Computer networks;Context modeling;Educational institutions;Grid computing;Large-scale systems;Mathematical model;Mathematics;Scheduling;USA Councils;checkpointing;large-scale systems;software reliability;incremental checkpoint;incremental restart;large-scale HPC system;reliable storage;system checkpoint;system reliability;}, 
doi={10.1109/CCGRID.2008.109}, 
ISSN={},}

@article{lamport_trans_1998,
 author = {Lamport, Leslie},
 title = {The part-time parliament},
 journal = {ACM Trans. Comput. Syst.},
 issue_date = {May 1998},
 volume = {16},
 number = {2},
 month = may,
 year = {1998},
 issn = {0734-2071},
 pages = {133--169},
 numpages = {37},
 url = {http://doi.acm.org/10.1145/279227.279229},
 doi = {10.1145/279227.279229},
 acmid = {279229},
 publisher = {ACM},
 address = {New York, NY, USA},
 keywords = {state machines, three-phase commit, voting},
} 

@INPROCEEDINGS{oldfield_msst_2007, 
author={Oldfield, R.A. and Arunagiri, S. and Teller, P.J. and Seelam, S. and Varela, M.R. and Riesen, R. and Roth, P.C.}, 
booktitle={Mass Storage Systems and Technologies, 2007. MSST 2007. 24th IEEE Conference on}, 
title={Modeling the Impact of Checkpoints on Next-Generation Systems}, 
year={2007}, 
month={sept.}, 
volume={}, 
number={}, 
pages={30 -46}, 
keywords={Bandwidth;Computer networks;Contracts;Delay;Fault tolerance;Fault tolerant systems;Laboratories;Large-scale systems;Parallel processing;US Department of Energy;checkpointing;memory architecture;parallel processing;application-driven periodic checkpoint operations;capability-class MPP systems;lightweight storage architectures;massive-scale in-production DOE systems;massively parallel processing systems;mathematical modeling;next-generation systems;overlay networks;petaflop system;}, 
doi={10.1109/MSST.2007.4367962}, 
ISSN={},}

@inproceedings{oliner_ics_2006,
 author = {Oliner, Adam J. and Rudolph, Larry and Sahoo, Ramendra K.},
 title = {Cooperative checkpointing: a robust approach to large-scale systems reliability},
 booktitle = {Proceedings of the 20th annual international conference on Supercomputing},
 series = {ICS '06},
 year = {2006},
 isbn = {1-59593-282-8},
 location = {Cairns, Queensland, Australia},
 pages = {14--23},
 numpages = {10},
 url = {http://doi.acm.org/10.1145/1183401.1183406},
 doi = {10.1145/1183401.1183406},
 acmid = {1183406},
 publisher = {ACM},
 address = {New York, NY, USA},
 keywords = {RAS, cooperative checkpointing, high-performance computing, parallel computing, simulations, supercomputing},
} 

@report{sachs_ascr_2011,
 author = {Sonia R. Sachs},
 title = {Tools for Exascale Computing: Challenges and Strategies},
 year = {2011},
 location = {Annapolis, Md, USA},
 institution = {ASCR Exascale Tools Workshop},
}

@report{doe_exascale_2010,
  author = {U.S. Department of Energy Office of Science},
  title = {The Opportunities and Challenges of Exascale Computing},
  year = {2010},
  location = {Washington D.C., USA},
  institution = {Summary Report of the Advanced Scientific Computing Advisory Committee},
}

@article{kalaiselvi_sadhana_2000,
year={2000},
issn={0256-2499},
journal={Sadhana},
volume={25},
number={5},
doi={10.1007/BF02703630},
title={A survey of checkpointing algorithms for parallel and distributed computers},
url={http://dx.doi.org/10.1007/BF02703630},
publisher={Springer India},
keywords={Checkpointing algorithms; parallel & distributed computing; shared memory systems; rollback recovery; fault-tolerant systems},
author={Kalaiselvi, S. and Rajaraman, V.},
pages={489-510},
language={English},
}


@report{doe_ascr_exascale_2011,
  title ={Scientific Discovery at the Exascale, a Report from the DOE ASCR 2011 Workshop on Exascale Data Management, Analysis, and Visualization},
  year = {2011},
  author = {Ahern, Sean and et. al.},  
}

@report{riesen_sandia_2010,
 author = {Rolf Riesen and Kurt Ferreira and Jon R. Stearley and Ron Oldfield and James H. Laros III and Kevin T. Pedretti and Ron Brightwell},
 INSTITUTION = {Sandia National Laboratories},
 title = {Redundant Computing for Exascale Systems},
 NUMBER = {SAND2010-8709},
 year = {2010},
 month={December}
}

@article{li_trans_1994,
 author = {Li, K. and Naughton, J. F. and Plank, J. S.},
 title = {Low-Latency, Concurrent Checkpointing for Parallel Programs},
 journal = {IEEE Trans. Parallel Distrib. Syst.},
 issue_date = {August 1994},
 volume = {5},
 number = {8},
 month = aug,
 year = {1994},
 issn = {1045-9219},
 pages = {874--879},
 numpages = {6},
 doi = {10.1109/71.298215},
 acmid = {629325},
 publisher = {IEEE Press},
 address = {Piscataway, NJ, USA},
 keywords = {Index Termsparallel programming, backward error recovery, copy-on-write, efficiency, fault tolerant computing, faulttolerance, interruption time, low latency concurrent checkpointing, metrics, overall checkpointing time, overhead, overlapping operations, parallel programs, program diagnostics, programrestarting, shared-memory multiprocessors, software reliability, system recovery},
} 

@inproceedings{schroeder_dsn_2006,
 author = {Schroeder, Bianca and Gibson, Garth A.},
 title = {A large-scale study of failures in high-performance computing systems},
 booktitle = {Proceedings of the International Conference on Dependable Systems and Networks},
 series = {DSN '06},
 year = {2006},
 isbn = {0-7695-2607-1},
 pages = {249--258},
 numpages = {10},
 url = {http://dx.doi.org/10.1109/DSN.2006.5},
 doi = {10.1109/DSN.2006.5},
 acmid = {1135705},
 publisher = {IEEE Computer Society},
 address = {Washington, DC, USA},
} 

@article{zounmevo_pds_2012,
author = {Judicael A. Zounmevo and Ahmad Afsahi},
title = {An Efficient MPI Message Queue Mechanism for Large-scale Jobs},
journal ={Parallel and Distributed Systems, International Conference on},
volume = {0},
issn = {1521-9097},
year = {2012},
pages = {464-471},
doi = {http://doi.ieeecomputersociety.org/10.1109/ICPADS.2012.70},
publisher = {IEEE Computer Society},
address = {Los Alamitos, CA, USA},
}

@INPROCEEDINGS{6264677, 
author={G. Zheng and Xiang Ni and L. V. KalÃ©}, 
booktitle={DSN-W}, 
title={A scalable double in-memory checkpoint and restart scheme towards exascale}, 
year={2012}, 
pages={1-6}, 
keywords={application program interfaces;checkpointing;fault tolerant computing;mainframes;message passing;parallel processing;MPI communication layer;checkpoint-based fault tolerance methods;double in-memory checkpointing scheme;exascale;parallel application;restart scheme;very large scale supercomputers;Checkpointing;Computer crashes;Fault tolerance;Fault tolerant systems;Optimization;Program processors;Protocols}, 
doi={10.1109/DSNW.2012.6264677}, 
month={June},}

@INPROCEEDINGS{zheng_2004_ftccharm, 
author={Gengbin Zheng and et. al.}, 
booktitle={Cluster Computing}, 
title={{FTC-Charm++}: an in-memory checkpoint-based fault tolerant runtime for {Charm++} and {MPI}}, 
year={2004}, 
pages={93-103}, 
keywords={application program interfaces;fault tolerant computing;message passing;system recovery;workstation clusters;AMPI;Charm++;FTC-Charm++;MPI;application scalability;checkpoint-time;disk-based method;fault-tolerant runtime;high performance clusters;in-disk checkpoint;in-disk restart;in-memory checkpoint-based fault tolerant runtime;in-memory restart;recovery-time;Application software;Checkpointing;Computational modeling;Computer crashes;Computer science;Data engineering;Fault tolerance;Mission critical systems;Programming profession;Runtime}, 
doi={10.1109/CLUSTR.2004.1392606}, 
ISSN={1552-5244},}

@INPROCEEDINGS{plank_ftcs_1994, 
author={Plank, J.S. and Kai Li}, 
booktitle={Fault-Tolerant Computing}, 
title={Faster checkpointing with N+1 parity}, 
year={1994}, 
month={June}, 
pages={288-297}, 
keywords={distributed processing;fault tolerant computing;reliability;virtual storage;N+1 parity;checkpointing;distributed systems;multicomputers;single processor failure;virtual memory hardware;Checkpointing;Computer science;Debugging;Fault tolerance;Hardware;Magnetic heads;Nonvolatile memory;Programming profession;Read-write memory;Writing}, 
doi={10.1109/FTCS.1994.315631},}

@inproceedings{plank_ftcs_1995,
 author = {Plank, James S. and Kim, Youngbae and Dongarra, Jack J.},
 title = {Algorithm-Based Diskless Checkpointing for Fault-Tolerant Matrix Operations},
 booktitle = {Proceedings of the Twenty-Fifth International Symposium on Fault-Tolerant Computing},
 series = {FTCS '95},
 year = {1995},
 pages = {351},
 url = {http://dl.acm.org/citation.cfm?id=874064.875614},
 acmid = {875614},
 publisher = {IEEE Computer Society},
 address = {Washington, DC, USA},
} 

@techreport{casanova_inria_2012,
    hal_id = {hal-00697180},
    title = {{Combining Process Replication and Checkpointing for Resilience on Exascale Systems}},
    author = {Casanova, Henri and et. al.},
    keywords = {Fault-tolerance, checkpointing, replication, exascale},
    language = {Anglais},
    affiliation = {Concurrency Research Group - CoRG , ROMA - ENS Lyon / CNRS / Inria Grenoble Rh{\^o}ne-Alpes , Laboratoire de l'Informatique du Parall{\'e}lisme - LIP},
    type = {Rapport de recherche},
    institution = {INRIA},
    number = {RR-7951},
    collaboration = {{\'E}quipe associ{\'e}e Aloha },
    year = {2012},
    month = May,
    pdf = {http://hal.inria.fr/hal-00697180/PDF/RR-7951.pdf},
}


@MISC{zhang_energy_2003,
    author = {Ying Zhang and Krishnendu Chakrabarty},
    title = {Energy-Aware Adaptive Checkpointing in Embedded Real-Time Systems},
    year = {2003}
}

@INPROCEEDINGS{srinivasan_dsn_2004,
author={Srinivasan, J. and Adve, S.V. and Bose, P. and Rivers, J.A.}, 
booktitle={Dependable Systems and Networks, 2004 International Conference on}, title={The impact of technology scaling on lifetime reliability}, 
year={2004}, 
month={june-1 july}, 
volume={}, 
number={}, 
pages={ 177 - 186}, 
keywords={CMOS process;CMOS technology;Computer science;Dielectric breakdown;Dynamic voltage scaling;Electromigration;Microarchitecture;Rivers;Thermal stresses;Threshold voltage; CMOS integrated circuits; benchmark testing; integrated circuit reliability; microprocessor chips; CMOS technology; RAMP; electromigration; industrial-strength model; microarchitectural lifetime reliability; processor lifetime reliability; processor performance; reliability estimation; technology scaling; time-dependent dielectric breakdown;}, 
doi={10.1109/DSN.2004.1311888}, 
ISSN={},}

@INPROCEEDINGS{plank_ftc_1999,
author={Plank, J.S. and Thomason, M.G.}, 
booktitle={Fault-Tolerant Computing}, title={The average availability of parallel checkpointing systems and its importance in selecting runtime parameters}, 
year={1999}, 
month={}, 
volume={}, 
number={}, 
pages={250 -257}, 
keywords={Checkpointing;Computer science;Distributed computing;Electrical capacitance tomography;Electronic switching systems;Parallel processing;Runtime;parallel programming;software fault tolerance;software performance evaluation;checkpointing systems;parallel checkpointing systems;parallel computing;performance models;processor allocation;runtime parameters;}, 
doi={10.1109/FTCS.1999.781059}, 
ISSN={0731-3071},}

@article{strom_tran_1985,
 author = {Strom, Rob and Yemini, Shaula},
 title = {Optimistic recovery in distributed systems},
 journal = {ACM Trans. Comput. Syst.},
 issue_date = {Aug. 1985},
 volume = {3},
 number = {3},
 month = aug,
 year = {1985},
 issn = {0734-2071},
 pages = {204--226},
 numpages = {23},
 url = {http://doi.acm.org/10.1145/3959.3962},
 doi = {10.1145/3959.3962},
 acmid = {3962},
 publisher = {ACM},
 address = {New York, NY, USA},
} 

@INPROCEEDINGS{bhargava_rds_1988, 
author={Bhargava, B. and Shu-Renn Lian}, 
booktitle={Reliable Distributed Systems, 1988. Proceedings., Seventh Symposium on}, title={Independent checkpointing and concurrent rollback for recovery in distributed systems-an optimistic approach}, 
year={1988}, 
month={oct}, 
volume={}, 
number={}, 
pages={3 -12}, 
keywords={Checkpointing;Computer crashes;Computer science;Concurrent computing;Database systems;Delay;Machine intelligence;NASA;Virtual machining;concurrency control;distributed databases;distributed processing;commit;concurrency control;concurrent rollback;distributed systems;independent checkpointing;recovery;site recovery algorithms;transaction processing;two-phase rollback algorithm;}, 
doi={10.1109/RELDIS.1988.25775}, 
ISSN={},}

@inproceedings{koo_acm_1986,
 author = {Koo, Richard and Toueg, Sam},
 title = {Checkpointing and rollback-recovery for distributed systems},
 booktitle = {Proceedings of 1986 ACM Fall joint computer conference},
 series = {ACM '86},
 year = {1986},
 isbn = {0-8186-4743-4},
 location = {Dallas, Texas, USA},
 pages = {1150--1158},
 numpages = {9},
 url = {http://dl.acm.org/citation.cfm?id=324493.325074},
 acmid = {325074},
 publisher = {IEEE Computer Society Press},
 address = {Los Alamitos, CA, USA},
} 

@inproceedings{pattabiraman_dsc_2005,
 author = {Pattabiraman, Karthik and Vick, Christopher and Wood, Alan},
 title = {Modeling Coordinated Checkpointing for Large-Scale Supercomputers},
 booktitle = {Proceedings of the 2005 International Conference on Dependable Systems and Networks},
 series = {DSN '05},
 year = {2005},
 isbn = {0-7695-2282-3},
 pages = {812--821},
 numpages = {10},
 url = {http://dx.doi.org/10.1109/DSN.2005.67},
 doi = {10.1109/DSN.2005.67},
 acmid = {1078339},
 publisher = {IEEE Computer Society},
 address = {Washington, DC, USA},
} 

@inproceedings{briatico_rdsd_1984,
    author = {Briatico, D. and Ciuffoletti, A. and Simoncini, L.},
    booktitle = {4th IEEE Symposyum on Reliability in Distributed Software and Database Systems},
    citeulike-article-id = {10364744},
    keywords = {ckpt},
    posted-at = {2012-02-18 15:54:57},
    priority = {0},
    title = {{A Distributed Domino-Effect Free Recovery Algorithm}},
    year = {1984}
}

@INPROCEEDINGS{helary_rds_1997,
author={Helary, J and et. al.}, 
booktitle={RDS},
title={Preventing useless checkpoints in distributed computations}, 
year={1997}, 
volume={}, 
number={}, 
keywords={Checkpointing;Communication system control;Computational modeling;Computer science;Degradation;Distributed computing;Process control;Protocols;distributed processing;fault tolerant computing;performance evaluation;protocols;reliability;software fault tolerance;system recovery;basic local checkpoints;communication induced checkpointing protocol;communication induced checkpointing protocols;consistent global checkpoint based distributed applications;distributed breakpoints;distributed computations;efficient protocol;local checkpoint;local forced checkpoints;rollback recovery;unstable properties;useless checkpoints;}, 
doi={10.1109/RELDIS.1997.632814}, 
ISSN={1060-9857},}

@BOOK{koren_krishna_fts_book,
author={Israel Koren and C. Mani Krishna},
title={Fault-Tolerant Systems},
publisher={Elevier, Inc.},
year={2007}
} 

@BOOK{siewiorek_1982_reliable_system_design,
  title={The theory and practice of reliable system design},
  author={Siewiorek, D.P. and Swarz, R.S.},
  isbn={9780932376138},
  lccn={81009696},
  year={1982},
  publisher={Digital Press}
}

@BOOK{jalote_ftds_book,
author={Pankaj Jalote},
title={Fault Tolerance in Distributed Systems},
publisher={Prentice-Hall, Inc.},
year={1994}
} 

@article{vandiver_sigops_2007,
 author = {Vandiver, Ben and Balakrishnan, Hari and Liskov, Barbara and Madden, Sam},
 title = {Tolerating byzantine faults in transaction processing systems using commit barrier scheduling},
 journal = {SIGOPS Oper. Syst. Rev.},
 issue_date = {December 2007},
 volume = {41},
 number = {6},
 month = oct,
 year = {2007},
 issn = {0163-5980},
 pages = {59--72},
 numpages = {14},
 url = {http://doi.acm.org/10.1145/1323293.1294268},
 doi = {10.1145/1323293.1294268},
 acmid = {1294268},
 publisher = {ACM},
 address = {New York, NY, USA},
 keywords = {byzantine fault tolerance, databases, state machine replication},
} 

@TECHREPORT{birman_report_2010,
    author = {Ken Birman and Dahlia Malkhi and Robbert van Renesse},
    title = {Virtually Synchronous Methodology for Dynamic Service Replication},
    institution = {},
    year = {2010}
}

@techreport{bougeret_tech_2012,
    hal_id = {hal-00668016},
    url = {http://hal.inria.fr/hal-00668016},
    title = {{Using group replication for resilience on exascale systems}},
    author = {Bougeret, Marin and Casanova, Henri and Robert, Yves and Vivien, Fr{\'e}d{\'e}ric and Zaidouni, Dounia},
    keywords = {Fault-tolerance, replication, checkpointing, parallel job, Weibull, exascale},
    language = {Anglais},
    affiliation = {Laboratoire d'Informatique de Robotique et de Micro{\'e}lectronique de Montpellier - LIRMM , Concurrency Research Group - CoRG , ROMA - ENS Lyon / CNRS / Inria Grenoble Rh{\^o}ne-Alpes},
    type = {Rapport de recherche},
    institution = {INRIA},
    number = {RR-7876},
    collaboration = {{\'E}quipe associ{\'e}e Aloha },
    year = {2012},
    month = Feb,
    pdf = {http://hal.inria.fr/hal-00668016/PDF/RR-7876.pdf},
}

@article{Henson:2002:AMG,
  title={{BoomerAMG}: A parallel algebraic multigrid solver and preconditioner},
  author={Henson, V.E. and Yang, U.M.},
  journal={Applied Numerical Mathematics},
  volume={41},
  number={1},
  year={2002},
  publisher={Elsevier}
}


@InProceedings{   Hertel:93:CTH,
    author      = {E. S. Hertel,Jr. and R. L. Bell and M. G. Elrick and A. V.
                  Farnsworth and G. I. Kerley and J. M. McGlaun and S. V.
                  PetneY and S. A. Silling and P. A. Taylor and L.
                  Yarrington},
    title       = {{CTH}: A Software Family for Multi-Dimensional Shock
                  Physics Analysis},
    booktitle   = {Proceedings of the 19th International Symposium on Shock
                  Waves},
    year        = {1993},
}

@Article{         Plimpton:95:Fast,
    author      = {Steven J. Plimpton},
    title       = {Fast Parallel Algorithms for Short-Range Molecular
                  Dynamics},
    journal     = {Journal Computation Physics},
    year        = {1995},
    volume      = {117}
}

@Misc{            LLNL:13:AMG,
    author      = {{Lawrence Livermore National Laboratory}},
    title       = {{ASC} Sequoia Benchmark Codes},
    year        = {2013},
    day         = {10}
}

@Misc{SNL:10:Mantevo,
    author      = {{Sandia National Laboratory}},
    title       = {Mantevo Project Home Page},
    year        = {2010},
    day         = {6}
}


@phdthesis{Ferreira:11:Dissertation,
  author      = {Kurt B. Ferreira},
  title       = {Keeping Checkpoint/Restart Viable for Exascale Systems},
  school      = {University of New Mexico, Department of Computer Science},
  year        = {2011},
  month       = {Dec.},
}

@article{Cappello:09:Fault,
  author    = {Franck Cappello},
  title     = {Fault Tolerance in Petascale/ Exascale Systems: Current
               Knowledge, Challenges and Research Opportunities},
  journal   = {IJHPCA},
  volume    = {23},
  number    = {3},
  year      = {2009},
  pages     = {212-226},
  bibsource = {DBLP, http://dblp.uni-trier.de}
}

@inproceedings{Dong:2009:Leveraging,
  author        = {Dong, Xiangyu and Muralimanohar, Naveen and Jouppi, Norm and Kaufmann, Richard
                   and Xie, Yuan},
  title         = {Leveraging 3D PCRAM technologies to reduce checkpoint overhead for future
                   exascale systems},
  booktitle     = {Proceedings of the Conference on High Performance Computing Networking,
                   Storage and Analysis},
  series        = {SC '09},
  year          = {2009},
  isbn          = {978-1-60558-744-8},
  location      = {Portland, Oregon},
  pages         = {57:1--57:12},
  articleno     = {57},
  numpages      = {12},
  url           = {http://doi.acm.org/10.1145/1654059.1654117},
  doi           = {10.1145/1654059.1654117},
  acmid         = {1654117},
  publisher     = {ACM},
  address       = {New York, NY, USA},
} 

@inproceedings{Kannan:2013:Optimizing,
  author        = {Kannan, Sudarsun and Gavrilovska, Ada and Schwan, Karsten and
                   Milojicic, Dejan },
  title         = {Optimizing Checkpoints Using NVM as Virtual Memory},
  booktitle     = {Proceedings of the nternational Parallel and
                   Distributed Processing Symposium},
  series        = {IPDPS '13},
  year          = {2013},
  location      = {Boston, Mass., USA},
  publisher     = {ACM},
  address = {New York, NY,USA},
} 

@InProceedings{ Zandy:99:ProcessHijacking,
  author        = "Victor C. Zandy and Barton P. Miller and Miron Livny",
  title         = "Process Hijacking",
  booktitle     = "8th International Symposium on High Performance Distributed Computing (HPDC '99)",
  year          = "1999",
  pages         = "177--184",
  address       = "Redondo Beach, CA",
  month         = "August"
}

@InProceedings{ Stellner:96:CoCheck,
  author        = "Georg Stellner",
  title         = "CoCheck: Checkpointing and Process Migration for {MPI}",
  booktitle     = "International Parallel Processing Symposium",
  year          = "1996",
  pages         = "526--531",
  address       = "Honolulu, HI",
  month         = "April",
  publisher     = "IEEE Computer Society",
  isbn          = "0-8186-7255-2",
}

@InProceedings{ Moody:10:SCR,
  title         = "Design, Modeling, and Evaluation of a Scalable Multi-level Checkpointing
                   System",
  booktitle     = "SC",
  author        = "Adam Moody and Greg Bronevetsky and Kathryn Mohror and
                   Bronis Supinski",
  pages         = "1--11",
  year          = "2010",
  isbn          = "978-1-4244-7559-9",
  doi           = "http://dx.doi.org/10.1109/SC.2010.18",
  acmid         = "1884666",
  numpages      = "11"
}

@Article{ Plank:98:Diskless,
  author        = "J.S. Plank and Kai Li and M.A. Puening",
  journal       = "Parallel and Distributed Systems, IEEE Transactions on",
  title         = "Diskless checkpointing",
  year          = "1998",
  month         = "oct",
  volume        = "9",
  number        = "10",
  pages         = "972--986",
}

@inproceedings{Vaidya:95:TwoLevel,
  author        = {Vaidya, Nitin H.},
  title         = {A case for two-level distributed recovery schemes},
  booktitle     = {ACM SIGMETRICS Joint International Conference on Measurement and Modeling of
                   Computer Systems},
  series        = {SIGMETRICS '95/PERFORMANCE '95},
  year          = {1995},
  isbn =         {0-89791-695-6},
  location      = {Ottawa, Ontario, Canada},
  pages         = {64--73},
  numpages      = {10},
  url           = {http://doi.acm.org/10.1145/223587.223596},
  doi           = {10.1145/223587.223596},
  acmid         = {223596},
  publisher     = {ACM},
  address       = {New York, NY, USA},
}

@article{Ibtesham:12:Compression,
  author        = {Dewan Ibtesham and Dorian Arnold and Patrick G. Bridges and Kurt B. Ferreira and
                   Ron Brightwell},
  title         = {On the Viability of Compression for Reducing the Overheads of
                   Checkpoint/Restart-Based Fault Tolerance},
  journal       = {2012 41st International Conference on Parallel Processing},
  volume        = {0},
  issn          = {0190-3918},
  year          = {2012},
  pages         = {148-157},
  doi           = {http://doi.ieeecomputersociety.org/10.1109/ICPP.2012.45},
  publisher     = {IEEE Computer Society},
  address = {Los Alamitos, CA, USA},
}

@InProceedings{ Sancho:04:Incremental,
  author    = { Jose Carlos Sancho and Fabrizio Petrini and Greg
                                    Johnson and Juan Fernandez and Eitan Frachtenberg },
  title     = { On the Feasibility of Incremental Checkpointing for
                                      Scientific Computing },
  booktitle = { Proceedings of the 2004 International Parallel and
                                        Distributed Processing Symposium },
  year      = { 2004 },
  address   = { Santa Fe, New Mexico USA }
}

@InProceedings{ Agarwal:04:Adaptive,
  author    = { Saurabh Agarwal and et. al. },
  title     = { Adaptive Incremental Checkpointing for Massively Parallel Systems },
  booktitle = { ICS 04},
  address   = { St. Malo, France }
}


@InProceedings{ Bronevetsky:09:Compiler,
  author        = "Greg Bronevetsky and Daniel Marques and Keshav Pingali and Sally McKee and
                   Radu Rugina",
  title         = "Compiler-enhanced incremental checkpointing for OpenMP
                   applications",
  booktitle     = "IEEE International Symposium on Parallel\&Distributed
                   Processing",
  year          = "2009",
  isbn          = "978-1-4244-3751-1",
  pages         = "1--12",
  numpages      = "12"
}

@InProceedings{ Ferreira11Libhashckpt,
  Author        = "Kurt B. Ferreira and Rolf Riesen and Ron Brightwell and Patrick G. Bridges
                   and Dorian Arnold",
  Title         = "Libhashckpt: Hash-based Incremental Checkpointing Using {GPUs}",
  Booktitle     = "Proceedings of the 18th {EuroMPI} Conference",
  Year          = "2011",
  Month         = "September",
  Address       = "Santorini, Greece"
}

@INPROCEEDINGS{guermouche_2011_ipdps, 
author={Guermouche, A. and et. al.}, 
booktitle={IPDPS}, 
title={Uncoordinated Checkpointing Without Domino Effect for Send-Deterministic MPI Applications}, 
year={2011}, 
month={May}, 
pages={989-1000}, 
keywords={checkpointing;fault tolerance;message passing;parallel machines;HPC platform;I/O resource congestion;checkpoint coordination;domino effect;failure;fault tolerance protocol;global restart wastes energy;memory-storage occupation;message logging;post-petascale supercomputer;send-deterministic MPI HPC application;uncoordinated checkpointing;Checkpointing;Computational modeling;Erbium;Fault tolerance;Fault tolerant systems;Protocols;Receivers}, 
doi={10.1109/IPDPS.2011.95}, 
ISSN={1530-2075},}

@proceedings{conf:sc:2011,
  editor        = {Scott Lathrop and Jim Costa and William Kramer},
  title         = {Conference on High Performance Computing Networking, Storage
                   and Analysis, SC 2011, Seattle, WA, USA, November 12-18,
                   2011},
  booktitle     = {SC},
  publisher     = {ACM},
  year          = {2011, 2011},
  isbn          = {978-1-4503-0771-0},
  bibsource     = {DBLP, http://dblp.uni-trier.de}
}


@inproceedings{ Ferreira:11:Evaluating,
  author        = {Kurt Ferreira and Rolf Riesen and Patrick Bridges and
                   Dorian Arnold and Jon Stearley and James H.~Laros III and
                   Ron Oldfield and Kevin Pedretti and Ron Brightwell},
  title         = {Evaluating the Viability of Process Replication Reliability
                   for Exascale Systems},
  Year          = "2011",
  month         = Nov,
  booktitle     = {SC},
}



@InProceedings{ Schroeder:06:large-scale,
  author        = {Bianca Schroeder and Garth A. Gibson},
  title         = {A large-scale study of failures in high-performance
                   computing systems},
  booktitle     = {Proceedings of the International Conference on Dependable
                   Systems and Networks (DSN2006)},
  month         = jun,
  year          = {2006},
  url           = {http://www.pdl.cmu.edu/PDL-FTP/stray/dsn06_abs.html},
  keywords      = {Failure data, Lifetime data, Root cause, Repair time, High
                   performance computing}
}

@InProceedings{ Oldfield:07:Modeling,
  author        = {Ron A. Oldfield and Sarala Arunagiri and Patricia J.
                   Teller and Seetharami Seelam and Maria Ruiz Varela and Rolf
                   Riesen and Philip C. Roth},
  title         = {Modeling the Impact of Checkpoints on Next-Generation
                   Systems},
  booktitle     = {24th IEEE Conference on Mass Storage Systems and
                   Technologies},
  month         = sep,
  year          = {2007},
  pages         = {30--46},
  isbn          = {0-7695-3025-7},
  doi           = {http://dx.doi.org/10.1109/MSST.2007.24}
}

@Article{Elnozahy:02:Survey,
  author        = {Elnozahy, E. and et. al.},
  title         = {A survey of rollback-recovery protocols in message-passing
                   systems},
  journal       = {{ACM} Computing Surveys},
  year          = {2002},
  volume        = {34},
  number        = {3},
  pages         = {375--408},
  issn          = {0360-0300},
  doi           = {http://doi.acm.org/10.1145/568522.568525}
}

@techreport{chu2006transmission,
  title={Transmission of IP over InfiniBand (IPoIB)},
  author={Chu, J and Kashyap, V},
  year={2006},
  institution={RFC 4391, April},
}

@inproceedings{hargrove2006berkeley,
  title={Berkeley lab checkpoint/restart (blcr) for linux clusters},
  author={Hargrove, Paul and Duell, Jason},
  booktitle={Journal of Physics: Conference Series},
  volume={46},
  number={1},
  pages={494},
  year={2006}
}


@inproceedings{diouri2012energy,
  title={Energy considerations in Checkpointing and Fault tolerance protocols},
  author={Diouri, M and Gluck, Olivier and Lef{\`e}vre, Laurent and Cappello, Franck},
  booktitle={Dependable Systems and Networks Workshops (DSN-W), 2012 IEEE/IFIP 42nd International Conference on},
  pages={1--6},
  year={2012},
  organization={IEEE}
}

@inproceedings{meneses2012assessing,
  title={Assessing Energy Efficiency of Fault Tolerance Protocols for {HPC} Systems},
  author={Meneses, Esteban and Sarood, Osman and Kale, Laxmikant V},
  booktitle={Computer Architecture and High Performance Computing (SBAC-PAD), 2012 IEEE 24th International Symposium on},
  pages={35--42},
  year={2012},
  organization={IEEE}
}

@inproceedings{saito2013energy,
  title={Energy-aware {I/O} optimization for checkpoint and restart on a {NAND} flash memory system},
  author={Saito, Takafumi and Sato, Kento and Sato, Hitoshi and Matsuoka, Satoshi},
  booktitle={Proceedings of the 3rd Workshop on Fault-tolerance for {HPC} at extreme scale},
  pages={41--48},
  year={2013},
  organization={ACM}
}

@misc{top500org,
  title={Top500 Supercomputing Sites},
  author={Meuer, Hans and Strohmaier, Erich and Dongarra, Jack and Simon, Horst},
  year={2013},
  url={http://www.top500.org/}
}
@misc{mittal1998performance,
  title={Performance throttling to reduce {IC} power consumption},
  author={Mittal, Millind and Valentine, Robert},
  year={1998},
  month=feb # "~17",
  publisher={Google Patents},
  note={US Patent 5,719,800}
}

@inproceedings{pering1998dynamic,
  title={Dynamic voltage scaling and the design of a low-power microprocessor system},
  author={Pering, Trevor and Burd, Tom and Brodersen, Robert},
  booktitle={Power Driven Microarchitecture Workshop, attached to ISCA98},
  pages={96--101},
  year={1998}
}

@inproceedings{ni_2013_acr,
 author = {Ni, Xiang and Meneses, Esteban and Jain, Nikhil and Kal{\'e}, Laxmikant V.},
 title = {ACR: Automatic Checkpoint/Restart for Soft and Hard Error Protection},
 series = {SC},
 year = {2013},
 isbn = {978-1-4503-2378-9},
 location = {Denver, Colorado},
 pages = {7:1--7:12},
 articleno = {7},
 numpages = {12},
 url = {http://doi.acm.org/10.1145/2503210.2503266},
 doi = {10.1145/2503210.2503266},
 acmid = {2503266},
 publisher = {ACM},
 address = {New York, NY, USA},
 keywords = {checkpoint/restart, fault-tolerance, redundancy, silent data corruption},
} 


@INPROCEEDINGS{stearly_2012_partial, 
author={Stearley, J. and et. al.}, 
booktitle={DSN-W}, 
title={Does partial replication pay off?}, 
year={2012}, 
month={June}, 
pages={1-6}, 
keywords={computer network reliability;failure analysis;mainframes;arbitrary node failure distribution;arbitrary replication degree;high performance computing system;job interrupt distribution;job interrupt time;process replication;Ash;Checkpointing;Mathematical model;Redundancy;Runtime;Sockets}, 
doi={10.1109/DSNW.2012.6264669},}

@inproceedings{lefray_2013_rsd,
 author = {Lefray, Arnaud and Ropars, Thomas and Schiper, Andr{\'e}},
 title = {Replication for Send-deterministic {MPI} {HPC} Applications},
 series = {FTXS '13},
 year = {2013},
 isbn = {978-1-4503-1983-6},
 location = {New York, New York, USA},
 pages = {33--40},
 numpages = {8},
 url = {http://doi.acm.org/10.1145/2465813.2465819},
 doi = {10.1145/2465813.2465819},
 acmid = {2465819},
 publisher = {ACM},
 address = {New York, NY, USA},
 keywords = {high performance computing, message-passing, replication},
} 

@ARTICLE{vallina_2013_tutor, 
author={Vallina-Rodriguez, N. and Crowcroft, J.}, 
journal={Communications Surveys Tutorials, IEEE}, 
title={Energy Management Techniques in Modern Mobile Handsets}, 
year={2013}, 
month={First}, 
volume={15}, 
number={1}, 
pages={179-198}, 
keywords={cloud computing;optimisation;smart phones;telecommunication power supplies;cloud computing services;energy management techniques;modern mobile handsets;modern smartphones;optimisations;wireless interfaces;wireless sensors;3G mobile communication;Energy consumption;Energy management;Human computer interaction;Mobile communication;Mobile handsets;Operating systems;Wireless communication;3G mobile communication;Context awareness;Energy management;Human computer interaction;IEEE 80211 Standards;Operating systems Energy efficiency;Sensors}, 
doi={10.1109/SURV.2012.021312.00045}, 
ISSN={1553-877X},}

@inproceedings{roy_2011_EMM,
 author = {Roy, Arjun and Rumble, Stephen M. and Stutsman, Ryan and Levis, Philip and Mazi\`{e}res, David and Zeldovich, Nickolai},
 title = {Energy Management in Mobile Devices with the Cinder Operating System},
 booktitle = {Proceedings of the Sixth Conference on Computer Systems},
 series = {EuroSys '11},
 year = {2011},
 isbn = {978-1-4503-0634-8},
 location = {Salzburg, Austria},
 pages = {139--152},
 numpages = {14},
 url = {http://doi.acm.org/10.1145/1966445.1966459},
 doi = {10.1145/1966445.1966459},
 acmid = {1966459},
 publisher = {ACM},
 address = {New York, NY, USA},
 keywords = {energy, mobile phones, power management},
} 

@INPROCEEDINGS{aydin_2006_sle, 
author={Aydin, H. and Devadas, V. and Dakai Zhu}, 
booktitle={Real-Time Systems Symposium, 2006. RTSS '06. 27th IEEE International}, 
title={System-Level Energy Management for Periodic Real-Time Tasks}, 
year={2006}, 
month={Dec}, 
pages={313-322}, 
keywords={computer power supplies;optimisation;power aware computing;real-time systems;DVS-enabled processor;central processing unit;dynamic CPU power;dynamic slack reclaiming;dynamic voltage scaling;frequency-dependent power component;frequency-independent power component;generalized power model;nonlinear optimization problem;off-chip access pattern;on-chip access pattern;periodic real-time task;polynomial-time solution;power dissipation;system-level energy management;system-wide energy consumption;system-wide energy management;Central Processing Unit;Computer science;Delay;Energy consumption;Energy management;Frequency;Power dissipation;Power system modeling;Real time systems;Voltage control},
doi={10.1109/RTSS.2006.48}, 
ISSN={1052-8725},}

@INPROCEEDINGS{jejurikar_2004_lpe, 
author={Jejurikar, R. and Gupta, R.}, 
booktitle={Low Power Electronics and Design, 2004. ISLPED '04. Proceedings of the 2004 International Symposium on}, 
title={Dynamic Voltage Scaling for Systemwide Energy Minimization in Real-Time Embedded Systems}, 
year={2004}, 
month={Aug}, 
pages={78-81}, 
keywords={DVS;EDF scheduling;critical speed;lowpower;procrastication;real-time systems;resource standby energy;DVS;EDF scheduling;critical speed;lowpower;procrastication;real-time systems;resource standby energy},}

@article{zhu_2003_sdv,
 author = {Zhu, Dakai and Melhem, Rami and Childers, Bruce R.},
 title = {Scheduling with Dynamic Voltage/Speed Adjustment Using Slack Reclamation in Multiprocessor Real-Time Systems},
 journal = {IEEE Trans. Parallel Distrib. Syst.},
 issue_date = {July 2003},
 volume = {14},
 number = {7},
 month = jul,
 year = {2003},
 issn = {1045-9219},
 pages = {686--700},
 numpages = {15},
 url = {http://dx.doi.org/10.1109/TPDS.2003.1214320},
 doi = {10.1109/TPDS.2003.1214320},
 acmid = {939994},
 publisher = {IEEE Press},
 address = {Piscataway, NJ, USA},
 keywords = {Real-time systems, multiprocessor, scheduling, slack sharing.},
} 

@inproceedings{elliott_2012_cpr,
 author = {Elliott, James and et. al.},
 title = {Combining Partial Redundancy and Checkpointing for {HPC}},
 booktitle = {ICDCS '12},
 isbn = {978-0-7695-4685-8},
 numpages = {12},
 doi = {10.1109/ICDCS.2012.56},
 acmid = {2356222},
 address = {Washington, DC, US},
} 

@INPROCEEDINGS{englemann_2008_active, 
author={Engelmann, C. and Scott, S.L. and Leangsuksun, C. and He, X.}, 
booktitle={Cluster Computing and the Grid, 2008. CCGRID '08. 8th IEEE International Symposium on}, 
title={Symmetric Active/Active High Availability for High-Performance Computing System Services: Accomplishments and Limitations}, 
year={2008}, 
month={May}, 
pages={813-818}, 
keywords={software fault tolerance;active high availability;high-level reliability;high-performance computing system services;serviceability;symmetric active availability;Availability;Computer science;Grid computing;Laboratories;Magnetic heads;Mathematics;Prototypes;Taxonomy;Telecommunication computing;USA Councils}, 
doi={10.1109/CCGRID.2008.78},}

@inproceedings{castro_1999_byzantine,
 author = {Castro, Miguel and Liskov, Barbara},
 title = {Practical Byzantine Fault Tolerance},
 booktitle = {Proceedings of the Third Symposium on Operating Systems Design and Implementation},
 series = {OSDI '99},
 year = {1999},
 isbn = {1-880446-39-1},
 location = {New Orleans, Louisiana, USA},
 pages = {173--186},
 numpages = {14},
 url = {http://dl.acm.org/citation.cfm?id=296806.296824},
 acmid = {296824},
 publisher = {USENIX Association},
 address = {Berkeley, CA, USA},
} 

@article{lyons_1962_tmr,
 author = {Lyons, R. E. and Vanderkulk, W.},
 title = {The Use of Triple-modular Redundancy to Improve Computer Reliability},
 journal = {IBM J. Res. Dev.},
 issue_date = {April 1962},
 volume = {6},
 number = {2},
 month = apr,
 year = {1962},
 issn = {0018-8646},
 pages = {200--209},
 numpages = {10},
 url = {http://dx.doi.org/10.1147/rd.62.0200},
 doi = {10.1147/rd.62.0200},
 acmid = {1661984},
 publisher = {IBM Corp.},
 address = {Riverton, NJ, USA},
} 

@inproceedings{fiala_2012_sdc,
 author = {Fiala, David and et. al.},
 title = {Detection and Correction of Silent Data Corruption for Large-scale High-performance Computing},
 series = {SC},
 year = {2012},
 isbn = {978-1-4673-0804-5},
 location = {Salt Lake City, Utah},
 articleno = {78},
 numpages = {12},
 acmid = {2389102},
 address = {Los Alamitos, CA, USA},
}

@article{schneider_1990_tutorial,
 author = {Schneider, Fred B.},
 title = {Implementing Fault-tolerant Services Using the State Machine Approach: A Tutorial},
 journal = {ACM Comput. Surv.},
 issue_date = {Dec. 1990},
 volume = {22},
 number = {4},
 month = dec,
 year = {1990},
 issn = {0360-0300},
 pages = {299--319},
 numpages = {21},
 doi = {10.1145/98163.98167},
 acmid = {98167},
 publisher = {ACM},
 address = {New York, NY, USA},
} 

@inproceedings{bailey1991parallel,
  title={The {NAS} parallel benchmarks summary and preliminary results},
  author={Bailey, David H and Barszcz, Eric and Barton, John T and Browning, David S and Carter, Russell L and Dagum, Leonardo and Fatoohi, Rod A and Frederickson, Paul O and Lasinski, Thomas A and Schreiber, Rob S and others},
  booktitle={Supercomputing, 1991. Supercomputing'91. Proceedings of the 1991 ACM/IEEE Conference on},
  pages={158--165},
  year={1991},
  organization={IEEE}
}

@inproceedings{sarood_2013_CWI,
 author = {Sarood, Osman and Meneses, Esteban and Kale, Laxmikant V.},
 title = {A 'Cool' Way of Improving the Reliability of {HPC} Machines},
 booktitle = {Proceedings of the International Conference on High Performance Computing, Networking, Storage and Analysis},
 series = {SC '13},
 year = {2013},
 isbn = {978-1-4503-2378-9},
 location = {Denver, Colorado},
 pages = {58:1--58:12},
 articleno = {58},
 numpages = {12},
 url = {http://doi.acm.org/10.1145/2503210.2503228},
 doi = {10.1145/2503210.2503228},
 acmid = {2503228},
 publisher = {ACM},
 address = {New York, NY, USA},
 keywords = {actionable modeling, checkpointing restart, energy minimization, fault tolerance, load balancing, temperature capping, temperature thresholds, thermal control},
} 

@INPROCEEDINGS{zhu2004fail,
author={Zhu, D. and Melhem, R. and MossÃ©, D.},
booktitle={Computer Aided Design, 2004. ICCAD-2004. IEEE/ACM International Conference on},
title={The effects of energy management on reliability in real-time embedded systems},
year={2004},
pages={35-40},
keywords={embedded systems;fault simulation;power control;reliability;system recovery;transients;energy consumption;energy management;fault rate models;frequency and voltage scaling;operating frequency;real-time embedded systems;recovery schemes;slack time;supply voltage;system reliability;transient faults;Embedded system;Energy consumption;Energy management;Fault tolerance;Fault tolerant systems;Frequency;Real time systems;Redundancy;Reliability;Voltage},
doi={10.1109/ICCAD.2004.1382539},
ISSN={1092-3152},
}

@ARTICLE{hakkarine_2013,
author={Hakkarinen, D. and Zizhong Chen}, 
journal={Computers, IEEE Transactions on}, 
title={Multilevel Diskless Checkpointing}, 
year={2013}, 
month={April}, 
volume={62}, 
number={4}, 
pages={772-783}, 
keywords={checkpointing;parallel processing;software fault tolerance;algorithmic fault tolerance;disk-based checkpointing;distributed systems;extreme scale systems;multilevel diskless checkpointing;one-level Reed-Solomon checkpointing scheme;parallel systems;Checkpointing;Encoding;Fault tolerance;Fault tolerant systems;Reed-Solomon codes;Runtime;Schedules;Extreme scale systems;checkpoint;diskless checkpointing;fault tolerance;high-performance computing}, 
doi={10.1109/TC.2012.17}, 
ISSN={0018-9340},}



@inproceedings{sato_2012_DMN,
 author = {Sato, Kento and Maruyama, Naoya and Mohror, Kathryn and Moody, Adam and Gamblin, Todd and de Supinski, Bronis R. and Matsuoka, Satoshi},
 title = {Design and Modeling of a Non-blocking Checkpointing System},
 booktitle = {Proceedings of the International Conference on High Performance Computing, Networking, Storage and Analysis},
 series = {SC '12},
 year = {2012},
 isbn = {978-1-4673-0804-5},
 location = {Salt Lake City, Utah},
 pages = {19:1--19:10},
 articleno = {19},
 numpages = {10},
 url = {http://dl.acm.org/citation.cfm?id=2388996.2389022},
 acmid = {2389022},
 publisher = {IEEE Computer Society Press},
 address = {Los Alamitos, CA, USA},
 keywords = {Markov model, checkpoint/restart, fault tolerance},
} 

@INPROCEEDINGS{elnozahy_2002_tmr, 
author={Elnozahy, E. and Melhem, R. and Mosse, D.}, 
booktitle={Real-Time Systems Symposium, 2002. RTSS 2002. 23rd IEEE}, 
title={Energy-efficient duplex and TMR real-time systems}, 
year={2002}, 
month={}, 
pages={256-266}, 
keywords={aerospace computing;energy conservation;fault tolerant computing;power consumption;real-time systems;Mars Rover;autonomous critical missions;autonomous vehicles;cooling;electrical power;energy consumption;energy-efficient duplex real-time systems;energy-efficient triple modular redundancy real-time systems;high-performance processors;mobile vehicles;optimistic system;permanent fault tolerance;power management;power-aware duplex system;reliability;satellites;transient failure tolerance;Cooling;Energy consumption;Energy efficiency;Energy management;Mobile robots;Power system management;Power system reliability;Real time systems;Redundancy;Remotely operated vehicles}, 
doi={10.1109/REAL.2002.1181580}, 
ISSN={1052-8725},}

@TechReport{jedec2006failure,
        Location = {Arlington, VA, USA},
  Month = {March},
        Publisher = {JEDEC},
        Source = {http://www.jedec.org/standards-documents/docs/jep-122e},
        author = {JEDEC Solid State Technology Association},
        title = {Failure Mechanisms and Models for Semiconductor Devices},
        year = {2006},
}


@INPROCEEDINGS{chandra2008defect,
author={Chandra, V. and Aitken, R.},
booktitle={Defect and Fault Tolerance of VLSI Systems},
title={Impact of Technology and Voltage Scaling on the Soft Error Susceptibility in Nanoscale {CMOS}},
year={2008},
keywords={CMOS integrated circuits;SRAM chips;elemental semiconductors;error statistics;silicon;Qcrit based simulation methodology;SRAM;Si;nanoscale CMOS;node shrink technology;silicon chip;size 45 nm;size 65 nm;soft error probability;soft error susceptibility;voltage 1 V to 0.4 V;voltage scaling;CMOS technology;Capacitance;Dynamic voltage scaling;Error probability;Flip-flops;Latches;Logic;Research and development;Silicon;Single event upset;Soft error;Technology Scaling;Voltage Scaling},
doi={10.1109/DFT.2008.50},
ISSN={1550-5774}
}

@inproceedings{grant2006power,
  title={Power-performance efficiency of asymmetric multiprocessors for multi-threaded scientific applications},
  author={Grant, Ryan E and Afsahi, Ahmad},
  booktitle={Parallel and Distributed Processing Symposium, 2006. IPDPS 2006. 20th International},
  pages={8--pp},
  year={2006},
  organization={IEEE}
}

@inproceedings{balakrishnan2005impact,
  title={The impact of performance asymmetry in emerging multicore architectures},
  author={Balakrishnan, Saisanthosh and Rajwar, Ravi and Upton, Mike and Lai, Konrad},
  booktitle={ACM SIGARCH Computer Architecture News},
  volume={33},
  number={2},
  pages={506--517},
  year={2005},
  organization={IEEE Computer Society}
}


@article{li2013strategies,
comment=DCT,
  journal={Parallel and Distributed Systems, IEEE Transactions on},
  title={Strategies for energy efficient resource management of hybrid programming models},
  author={Li, Dong and de Supinski, B and Schulz, Martin and Nikolopoulos, D and Cameron, K},
  year={2013},
  volume={24},
  number={1},
  pages={144-157}, 
  doi={10.1109/TPDS.2012.95},
  ISSN={1045-9219},
  publisher={IEEE}
}


@inproceedings{rountree2009adagio,
comment=adagio,
  title={Adagio: making {DVS} practical for complex {HPC} applications},
  author={Rountree, Barry and Lownenthal, David K and de Supinski, Bronis R and Schulz, Martin and Freeh, Vincent W and Bletsch, Tyler},
  booktitle={Proceedings of the 23rd international conference on Supercomputing},
  pages={460--469},
  year={2009},
  organization={ACM}
}

@inproceedings{tiwari2012auto,
comment=compiler_autotuning,
  title={Auto-tuning for energy usage in scientific applications},
  author={Tiwari, Ananta and Laurenzano, Michael A and Carrington, Laura and Snavely, Allan},
  booktitle={Euro-Par 2011: Parallel Processing Workshops},
  pages={178--187},
  year={2012},
  organization={Springer}
}

@inproceedings{tiwari2012green,
comment=GreenQueue,
  title={Green Queue: Customized Large-Scale Clock Frequency Scaling},
  author={Tiwari, Ananta and Laurenzano, Michael and Peraza, Joshua and Carrington, Laura and Snavely, Allan},
  booktitle={2012 Second International Conference on Cloud and Green Computing (CGC)},
  pages={260--267},
  year={2012},
  organization={IEEE}
}

@article{birman_1987_virtual,
 author = {Birman, K. and Joseph, T.},
 title = {Exploiting Virtual Synchrony in Distributed Systems},
 journal = {SIGOPS Oper. Syst. Rev.},
 issue_date = {Nov. 1987},
 volume = {21},
 number = {5},
 month = nov,
 year = {1987},
 issn = {0163-5980},
 pages = {123--138},
 numpages = {16},
 url = {http://doi.acm.org/10.1145/37499.37515},
 doi = {10.1145/37499.37515},
 acmid = {37515},
 publisher = {ACM},
 address = {New York, NY, USA},
} 

@article{lamport_1984_time,
 author = {Lamport, Leslie},
 title = {Using Time Instead of Timeout for Fault-Tolerant Distributed Systems.},
 journal = {ACM Trans. Program. Lang. Syst.},
 issue_date = {April 1984},
 volume = {6},
 number = {2},
 month = apr,
 year = {1984},
 issn = {0164-0925},
 pages = {254--280},
 numpages = {27},
 url = {http://doi.acm.org/10.1145/2993.2994},
 doi = {10.1145/2993.2994},
 acmid = {2994},
 publisher = {ACM},
 address = {New York, NY, USA},
} 

@inproceedings{bartlett_1981_nonstop,
 author = {Bartlett, Joel F.},
 title = {A NonStop Kernel},
 booktitle = {Proceedings of the Eighth ACM Symposium on Operating Systems Principles},
 series = {SOSP '81},
 year = {1981},
 isbn = {0-89791-062-1},
 location = {Pacific Grove, California, USA},
 pages = {22--29},
 numpages = {8},
 url = {http://doi.acm.org/10.1145/800216.806587},
 doi = {10.1145/800216.806587},
 acmid = {806587},
 publisher = {ACM},
 address = {New York, NY, USA},
} 

@inproceedings{kappiah2005just,
comment=Jitter,  
  title={Just in time dynamic voltage scaling: Exploiting inter-node slack to save energy in {MPI} programs},
  author={Kappiah, Nandini and Freeh, Vincent W and Lowenthal, David K},
  booktitle={Proceedings of the 2005 ACM/IEEE conference on Supercomputing},
  pages={33},
  year={2005},
  organization={IEEE Computer Society}
}


@ARTICLE{elnozahy_1992_manetho,
    author = {Elmootazbellah Elnozahy and Willy Zwaenepoel},
    title = {Manetho: Transparent Rollback-Recovery with Low Overhead, Limited Rollback and Fast Output Commit},
    journal = {TC},
    year = {1992},
    volume = {41},
    pages = {526--531}
}

@inproceedings{lim2006adaptive,
comment=NCSU,
  title={Adaptive, transparent frequency and voltage scaling of communication phases in {MPI} programs},
  author={Lim, Min Yeol and Freeh, Vincent W and Lowenthal, David K},
  booktitle={SC 2006 Conference, Proceedings of the ACM/IEEE},
  pages={14--14},
  year={2006},
  organization={IEEE}
}


@inproceedings{huang2009energy,
comment=ECOD,
  title={Energy-efficient cluster computing via accurate workload characterization},
  author={Huang, S and Feng, W},
  booktitle={Proceedings of the 2009 9th IEEE/ACM International Symposium on Cluster Computing and the Grid},
  pages={68--75},
  year={2009},
  organization={IEEE Computer Society}
}


@inproceedings{hsu2005power,
comment=PART,
  title={A power-aware run-time system for high-performance computing},
  author={Hsu, Chung-hsing and Feng, Wu-chun},
  booktitle={Proceedings of the 2005 ACM/IEEE conference on Supercomputing},
  pages={1},
  year={2005},
  organization={IEEE Computer Society}
}


@inproceedings{ge2007cpu,
comment=CPUMISER,
  title={{CPU} miser: A performance-directed, run-time system for power-aware clusters},
  author={Ge, Rong and Feng, Xizhou and Feng, Wu-chun and Cameron, Kirk W},
  booktitle={International Conference on Parallel Processing (ICPP)},
  pages={18--18},
  year={2007},
  organization={IEEE}
}

@inproceedings{ge2005performance,
comment=CPUSPEED,
  title={Performance-constrained distributed {DVS} scheduling for scientific applications on power-aware clusters},
  author={Ge, Rong and Feng, Xizhou and Cameron, Kirk W},
  booktitle={Proceedings of the 2005 ACM/IEEE conference on Supercomputing},
  pages={34},
  year={2005},
  organization={IEEE Computer Society}
}

@inproceedings{cappello2010checkpointing,
  title={Checkpointing vs. migration for post-petascale supercomputers},
  author={Cappello, Franck and Casanova, Henri and Robert, Yves},
  booktitle={Parallel Processing (ICPP), 2010 39th International Conference on},
  pages={168--177},
  year={2010},
  organization={IEEE}
}

@InProceedings{seager2003operational,
  title={Operational machines: {ASCI} white},
  author={Seager, Mark},
  booktitle={7th Workshop on Distributed Supercomputing, Durango, CO},
  year={2003}
}

@article{schroeder2010large,
  title={A large-scale study of failures in high-performance computing systems},
  author={Schroeder, Bianca and Gibson, Garth A},
  journal={Dependable and Secure Computing, IEEE Transactions on},
  volume={7},
  number={4},
  pages={337--350},
  year={2010},
  publisher={IEEE}
}

@InProceedings{hoefler2006adding,
  Author:corp = {Citeseer},
  BookTitle = {19th International Conference on Architecture and Computing Systems-ARCS},
  author = {Hoefler, T. and Mehlan, T. and Mietke, F. and Rehm, W.},
  title = {Adding Low-Cost Hardware Barrier Support to Small Commodity Clusters},
  volume = {6},
  pages = {343-350},
  year = {2006},
}

@Article{hoefler-collmea,
  Issn = {1744-5779},
  Month = {Jul.},
  Publisher = {Taylor \& Francis Group},
  Source = {http://www.unixer.de/ htor/publications/},
  author = {Hoefler, T. and Schneider, T. and Lumsdaine, A.},
  title = {Accurately Measuring Overhead, Communication Time and Progression of Blocking and Nonblocking Collective Operations at Massive Scale},
  journal = {International Journal of Parallel, Emergent and Distributed Systems},
  volume = {25},
  number = {4},
  pages = {241-258},
  year = {2010},
}

@InProceedings{hoefler-pmeo08,
  BookTitle = {Proceedings of the 22nd IEEE International Parallel \& Distributed Processing Symposium, PMEO{'}08 Workshop},
  Isbn = {978-1-4244-1694-3},
  Issn = {1530-2075},
  Location = {Miami, FL},
  Month = {Apr.},
  Source = {http://www.unixer.de/ htor/publications/},
  author = {Hoefler, T. and Schneider, T. and Lumsdaine, A.},
  title = {Accurately Measuring Collective Operations at Massive Scale},
  year = {2008},
}

@Article{faraj2008study,
  Publisher = {Springer},
  author = {Faraj, A. and Patarasuk, P. and Yuan, X.},
  title = {A study of process arrival patterns for {MPI} collective operations},
  journal = {International Journal of Parallel Programming},
  volume = {36},
  number = {6},
  pages = {543-570},
  year = {2008},
}


@Article{Marz,
  Publisher = {IEEE},
  author = {Lorenzo Alvisi and Keith Marzullp},
  title = {Message Logging: Pessimistic, Optimistic, Causal, and Optimal},
  journal = {IEEE Trans. Softw. Eng.},
  volume = {42},
  number = {2},
  pages = {149-159},
  year = {1998},
}

@Article{Mantevo,
  author = {Sandia National Laboratories},
  title = {Montevo Benchmark Suite},
  url = {https://mantevo.org/MantevoOverview.pdf},
}

