@ARTICLE{1350776, 
author={E. N. Elnozahy and J. S. Plank}, 
journal={IEEE Transactions on Dependable and Secure Computing}, 
title={Checkpointing for peta-scale systems: a look into the future of practical rollback-recovery}, 
year={2004}, 
volume={1}, 
number={2}, 
pages={97-108}, 
doi={10.1109/TDSC.2004.15}, 
ISSN={1545-5971}, 
month={April},}


@INPROCEEDINGS{4367962, 
author={R. A. Oldfield and S. Arunagiri and et. al.}, 
booktitle={MSST'07}, 
title={Modeling the Impact of Checkpoints on Next-Generation Systems}, 
pages={30-46}, 
keywords={checkpointing;memory architecture;parallel processing;application-driven periodic checkpoint operations;capability-class MPP systems;lightweight storage architectures;massive-scale in-production DOE systems;massively parallel processing systems;mathematical modeling;next-generation systems;overlay networks;petaflop system;Bandwidth;Computer networks;Contracts;Delay;Fault tolerance;Fault tolerant systems;Laboratories;Large-scale systems;Parallel processing;US Department of Energy}, 
doi={10.1109/MSST.2007.4367962}, 
ISSN={2160-195X}, 
month={Sept},}

@article{cui_en7085151,                           	  author = {Xiaolong Cui and et. al.},
	title = {Shadow Replication: An Energy-Aware, Fault-Tolerant Computational Model for Green Cloud Computing},
	journal = {Energies},
    volume = {7},
    year = {2014},
	number = {8},
	pages = {5151--5176},
	issn = {1996-1073},
	doi = {10.3390/en7085151}
}

@ARTICLE{Beguelin97applicationlevel,
    author = {Adam Beguelin and et. al.},
    title = {Application Level Fault Tolerance in Heterogeneous Networks of Workstations},
    journal = {Journal of Parallel and Distributed Computing},
    year = {1997},
    volume = {43},
    pages = {147--155}
}


@article{Schlichting1983,
 author = {Schlichting, Richard D. and Schneider, Fred B.},
 title = {Fail-stop Processors: An Approach to Designing Fault-tolerant Computing Systems},
 journal = {ACM Trans. Comput. Syst.},
 issue_date = {August 1983},
 volume = {1},
 number = {3},
 year = {1983},
 issn = {0734-2071},
 pages = {222--238},
 numpages = {17},
 doi = {10.1145/357369.357371},
 acmid = {357371},
 publisher = {ACM},
 address = {New York, NY, USA},
 keywords = {fail-stop},
} 

@INPROCEEDINGS{7013060, 
author={M. Gamell and D. S. Katz and et. al.}, 
booktitle={SC'14}, 
title={Exploring Automatic, Online Failure Recovery for Scientific Applications at Extreme Scales}, 
year={2014}, 
pages={895-906}, 
doi={10.1109/SC.2014.78}, 
ISSN={2167-4329}, 
}

@inproceedings{Bland2012,
 author = {Bland, Wesley and Bouteiller, Aurelien and Herault, Thomas and Hursey, Joshua and Bosilca, George and Dongarra, Jack J.},
 title = {An Evaluation of User-level Failure Mitigation Support in MPI},
 series = {EuroMPI'12},
 year = {2012},
 isbn = {978-3-642-33517-4},
 location = {Vienna, Austria},
 pages = {193--203},
 numpages = {11},
 doi = {10.1007/978-3-642-33518-1_24},
 acmid = {2404064}
} 

@INPROCEEDINGS{4228333, 
author={J. Hursey  and J. M. Squyres and et. al.}, 
booktitle={IPDPS'07}, 
title={The Design and Implementation of Checkpoint/Restart Process Fault Tolerance for Open MPI}, 
pages={1-8}, 
doi={10.1109/IPDPS.2007.370605}, 
ISSN={1530-2075}, 
}

@article{doi:10.1177/1094342005056139,
author = {Sriram Sankaran and Jeffrey M. Squyres and et. al.},
title = {The Lam/Mpi Checkpoint/Restart Framework: System-Initiated Checkpointing},
journal = {The International Journal of High Performance Computing Applications},
volume = {19},
number = {4},
pages = {479-493},
year = {2005},
doi = {10.1177/1094342005056139},
}

@inproceedings{chakravorty2006proactive,
  title={Proactive fault tolerance in MPI applications via task migration},
  author={Chakravorty, Sayantan and et. al.},
  booktitle={International Conference on High-Performance Computing},
  pages={485--496},
  year={2006}
}

@inproceedings{bosilca2002mpich,
  title={MPICH-V: Toward a scalable fault tolerant MPI for volatile nodes},
  author={Bosilca, George and et. al.},
  booktitle={Supercomputing, ACM/IEEE 2002 Conference},
  pages={29--29},
  year={2002},
  organization={IEEE}
}

@inproceedings{lefray_2013_rsd,
 author = {Lefray, Arnaud and Ropars, Thomas and Schiper, Andr{\'e}},
 title = {Replication for Send-deterministic {MPI} {HPC} Applications},
 series = {FTXS '13},
 year = {2013},
 isbn = {978-1-4503-1983-6},
 location = {New York, New York, USA},
 pages = {33--40},
 numpages = {8},
 url = {http://doi.acm.org/10.1145/2465813.2465819},
 doi = {10.1145/2465813.2465819},
 acmid = {2465819},
 publisher = {ACM},
 address = {New York, NY, USA},
 keywords = {high performance computing, message-passing, replication},
} 

@book{reinhardt2000transient,
  title={Transient fault detection via simultaneous multithreading},
  author={Reinhardt, Steven K and et. al.},
  volume={28},
  number={2},
  year={2000},
  publisher={ACM}
}

@inproceedings{Wadden:2014:RDE:2665671.2665686,
 author = {Wadden, Jack and et. al.},
 title = {Real-world Design and Evaluation of Compiler-managed GPU Redundant Multithreading},
 booktitle = {ISCA '14},
 isbn = {978-1-4799-4394-4},
 location = {Minneapolis, Minnesota, USA},
 numpages = {12},
 acmid = {2665686},
 publisher = {IEEE Press},
 address = {Piscataway, NJ, USA},
}


@INPROCEEDINGS{stearly_2012_partial, 
author={Stearley, J. and et. al.}, 
booktitle={DSN-W}, 
title={Does partial replication pay off?}, 
year={2012}, 
month={June}, 
pages={1-6}, 
keywords={computer network reliability;failure analysis;mainframes;arbitrary node failure distribution;arbitrary replication degree;high performance computing system;job interrupt distribution;job interrupt time;process replication;Ash;Checkpointing;Mathematical model;Redundancy;Runtime;Sockets}, 
doi={10.1109/DSNW.2012.6264669},}

@inproceedings{elliott_2012_cpr,
 author = {Elliott, James and et. al.},
 title = {Combining Partial Redundancy and Checkpointing for {HPC}},
 booktitle = {ICDCS '12},
 isbn = {978-0-7695-4685-8},
 numpages = {12},
 doi = {10.1109/ICDCS.2012.56},
 acmid = {2356222},
 address = {Washington, DC, US},
} 

@inproceedings{engelmann2011redundant,
  title={Redundant execution of HPC applications with MR-MPI},
  author={Engelmann, Christian and B{\"o}hm, Swen},
  booktitle={PDCN},
  pages={15--17},
  year={2011}
}

@inproceedings{ni_2013_acr,
 author = {Ni, Xiang and Meneses, Esteban and Jain, Nikhil and Kal{\'e}, Laxmikant V.},
 title = {ACR: Automatic Checkpoint/Restart for Soft and Hard Error Protection},
 series = {SC},
 year = {2013},
 isbn = {978-1-4503-2378-9},
 location = {Denver, Colorado},
 pages = {7:1--7:12},
 articleno = {7},
 numpages = {12},
 doi = {10.1145/2503210.2503266},
 acmid = {2503266},
 publisher = {ACM},
 address = {New York, NY, USA},
 keywords = {checkpoint/restart, fault-tolerance, redundancy, silent data corruption},
} 

@inproceedings{fiala_2012_sdc,
 author = {Fiala, David and et. al.},
 title = {Detection and Correction of Silent Data Corruption for Large-scale High-performance Computing},
 series = {SC},
 year = {2012},
 isbn = {978-1-4673-0804-5},
 location = {Salt Lake City, Utah},
 articleno = {78},
 numpages = {12},
 acmid = {2389102},
 address = {Los Alamitos, CA, USA},
}

@report{riesen_sandia_2010,
 author = {Rolf Riesen and Kurt Ferreira and Jon R. Stearley and Ron Oldfield and James H. Laros III and Kevin T. Pedretti and Ron Brightwell},
 INSTITUTION = {Sandia National Laboratories},
 title = {Redundant Computing for Exascale Systems},
 NUMBER = {SAND2010-8709},
 year = {2010},
 month={December}
}

@ARTICLE{hakkarine_2013,
author={Hakkarinen, D. and Zizhong Chen}, 
journal={Computers, IEEE Transactions on}, 
title={Multilevel Diskless Checkpointing}, 
year={2013}, 
month={April}, 
volume={62}, 
number={4}, 
pages={772-783}, 
keywords={checkpointing;parallel processing;software fault tolerance;algorithmic fault tolerance;disk-based checkpointing;distributed systems;extreme scale systems;multilevel diskless checkpointing;one-level Reed-Solomon checkpointing scheme;parallel systems;Checkpointing;Encoding;Fault tolerance;Fault tolerant systems;Reed-Solomon codes;Runtime;Schedules;Extreme scale systems;checkpoint;diskless checkpointing;fault tolerance;high-performance computing}, 
doi={10.1109/TC.2012.17}, 
ISSN={0018-9340},}

@InProceedings{ Moody:10:SCR,
  title         = "Design, Modeling, and Evaluation of a Scalable Multi-level Checkpointing
                   System",
  booktitle     = "SC",
  author        = "Adam Moody and Greg Bronevetsky and Kathryn Mohror and
                   Bronis Supinski",
  pages         = "1--11",
  year          = "2010",
  isbn          = "978-1-4244-7559-9",
  doi           = "http://dx.doi.org/10.1109/SC.2010.18",
  acmid         = "1884666",
  numpages      = "11"
}

@report{doe_ascr_exascale_2011,
  title ={Scientific Discovery at the Exascale, a Report from the DOE ASCR 2011 Workshop on Exascale Data Management, Analysis, and Visualization},
  year = {2011},
  author = {Ahern, Sean and et. al.},  
}

@ARTICLE{elnozahy_1992_manetho,
    author = {Elmootazbellah Elnozahy and Willy Zwaenepoel},
    title = {Manetho: Transparent Rollback-Recovery with Low Overhead, Limited Rollback and Fast Output Commit},
    journal = {TC},
    year = {1992},
    volume = {41},
    pages = {526--531}
}

@INPROCEEDINGS{plank_ftcs_1994, 
author={Plank, J.S. and Kai Li}, 
booktitle={Fault-Tolerant Computing}, 
title={Faster checkpointing with N+1 parity}, 
year={1994}, 
month={June}, 
pages={288-297}, 
keywords={distributed processing;fault tolerant computing;reliability;virtual storage;N+1 parity;checkpointing;distributed systems;multicomputers;single processor failure;virtual memory hardware;Checkpointing;Computer science;Debugging;Fault tolerance;Hardware;Magnetic heads;Nonvolatile memory;Programming profession;Read-write memory;Writing}, 
doi={10.1109/FTCS.1994.315631},}

@inproceedings{randell_domino_effect,
 author = {Randell, B.},
 title = {System structure for software fault tolerance},
 booktitle = {Proceedings of the international conference on Reliable software},
 year = {1975},
 location = {Los Angeles, California},
 numpages = {13},
 doi = {10.1145/800027.808467},
 acmid = {808467},
 publisher = {ACM},
 address = {New York, NY, USA},
 keywords = {Acceptance test, Alternate block, Checkpoint, Conversation, Error detection, Error recovery, Recovery block, Recursive cache},
}

@InProceedings{Agarwal:04:Adaptive,
  author    = { Saurabh Agarwal and et. al. },
  title     = { Adaptive Incremental Checkpointing for Massively Parallel Systems },
  booktitle = { ICS 04},
  address   = { St. Malo, France }
}


@inproceedings{ni2012hiding,
  title={Hiding checkpoint overhead in HPC applications with a semi-blocking algorithm},
  author={Ni, Xiang and Meneses, Esteban and Kal{\'e}, Laxmikant V},
  booktitle={Cluster Computing},
  pages={364--372},
  year={2012},
  organization={IEEE}
}

@INPROCEEDINGS{guermouche_2011_ipdps, 
author={Guermouche, A. and et. al.}, 
booktitle={IPDPS}, 
title={Uncoordinated Checkpointing Without Domino Effect for Send-Deterministic MPI Applications}, 
year={2011}, 
month={May}, 
pages={989-1000}, 
keywords={checkpointing;fault tolerance;message passing;parallel machines;HPC platform;I/O resource congestion;checkpoint coordination;domino effect;failure;fault tolerance protocol;global restart wastes energy;memory-storage occupation;message logging;post-petascale supercomputer;send-deterministic MPI HPC application;uncoordinated checkpointing;Checkpointing;Computational modeling;Erbium;Fault tolerance;Fault tolerant systems;Protocols;Receivers}, 
doi={10.1109/IPDPS.2011.95}, 
ISSN={1530-2075},}

@INPROCEEDINGS{plank_ftc_1999,
author={Plank, J.S. and Thomason, M.G.}, 
booktitle={Fault-Tolerant Computing}, title={The average availability of parallel checkpointing systems and its importance in selecting runtime parameters}, 
year={1999}, 
month={}, 
volume={}, 
number={}, 
pages={250 -257}, 
keywords={Checkpointing;Computer science;Distributed computing;Electrical capacitance tomography;Electronic switching systems;Parallel processing;Runtime;parallel programming;software fault tolerance;software performance evaluation;checkpointing systems;parallel checkpointing systems;parallel computing;performance models;processor allocation;runtime parameters;}, 
doi={10.1109/FTCS.1999.781059}, 
ISSN={0731-3071},}

@inproceedings{hargrove2006berkeley,
  title={Berkeley lab checkpoint/restart (blcr) for linux clusters},
  author={Hargrove, Paul and Duell, Jason},
  booktitle={Journal of Physics: Conference Series},
  volume={46},
  number={1},
  pages={494},
  year={2006}
}

@ARTICLE{chandy_trans_1972, 
author={Chandy, K.M. and Ramamoorthy, C.V.}, 
journal={Computers, IEEE Transactions on}, 
title={Rollback and Recovery Strategies for Computer Programs}, 
year={1972}, 
month={June}, 
volume={C-21}, 
number={6}, 
pages={546-556}, 
keywords={Aerospace control;Computer errors;Error correction;Fault detection;Fault tolerance;Hardware;Parity check codes;Process control;Redundancy;Registers;Computer programs;fault tolerance;graph models;recovery;reliability;rollback}, 
doi={10.1109/TC.1972.5009007}, 
ISSN={0018-9340},}

@book{herault2015fault,
  title={Fault-Tolerance Techniques for High-Performance Computing},
  author={H{\'e}rault, Thomas and Robert, Yves},
  year={2015},
  publisher={Springer}
}

@phdthesis{mills2014power,
  title={Power-Aware Resilience for Exascale Computing},
  author={Mills, Bryan},
  year={2014},
  school={University of Pittsburgh}
}

@inproceedings{Gao:2015:RIC:2751205.2751212,
 author = {Gao, Shen and et. al.},
 title = {Real-Time In-Memory Checkpointing for Future Hybrid Memory Systems},
 booktitle = {Proceedings of the 29th International Conference on Supercomputing},
 year = {2015},
 isbn = {978-1-4503-3559-1},
 location = {Newport Beach, California, USA},
 numpages = {10},
 doi = {10.1145/2751205.2751212},
 acmid = {2751212},
 keywords = {checkpointing, nvram, parallel computing, phase change memory},
} 



@inproceedings{zheng2004ftc,
  title={FTC-Charm++: an in-memory checkpoint-based fault tolerant runtime for Charm++ and MPI},
  author={Zheng, Gengbin and Shi, Lixia and Kal{\'e}, Laxmikant V},
  booktitle={Cluster Computing},
  pages={93--103},
  year={2004},
  organization={IEEE}
}

@inproceedings{yu2011practical,
  title={Practical online failure prediction for blue gene/p: Period-based vs event-driven},
  author={Yu, Li and Zheng, Ziming and Lan, Zhiling and Coghlan, Susan},
  booktitle={Dependable Systems and Networks Workshops (DSN-W), 2011 IEEE/IFIP 41st International Conference on},
  pages={259--264},
  year={2011},
  organization={IEEE}
}

@inproceedings{gainaru2012taming,
  title={Taming of the shrew: Modeling the normal and faulty behaviour of large-scale hpc systems},
  author={Gainaru, Ana and Cappello, Franck and Kramer, William},
  booktitle={Parallel \& Distributed Processing Symposium (IPDPS), 2012 IEEE 26th International},
  pages={1168--1179},
  year={2012},
  organization={IEEE}
}


@inproceedings{gainaru2012fault,
  title={Fault prediction under the microscope: A closer look into HPC systems},
  author={Gainaru, Ana and Cappello, Franck and Snir, Marc and Kramer, William},
  booktitle={SC'12},
  pages={77}
}

@INPROCEEDINGS{5160999, 
author={G. Bronevetsky and D. Marques and et. al.}, 
booktitle={IPDPS}, 
title={Compiler-enhanced incremental checkpointing for OpenMP applications}, 
year={2009}, 
pages={1-12},  
doi={10.1109/IPDPS.2009.5160999}, 
ISSN={1530-2075}, 
month={May},}

@misc{exa_challenge_2010,
  title={The Opportunities and Challenges of Exascale Computing},
  year={2010},
  author={Ashby, Steve and Beckman Pete and Chen Jackie and Colella Phil}
}

@article{snir2014addressing,
      title={Addressing failures in exascale computing},
      author={Snir, Marc and Wisniewski, Robert W and Abraham, Jacob A and Adve, Sarita V and Bagchi, Saurabh and Balaji, Pavan and Belak, Jim and Bose, Pradip and Cappello, Franck and Carlson, Bill and others},
      journal={International Journal of High Performance Computing Applications},
      pages={1094342014522573},
      year={2014},
      publisher={Sage Publications}
}


@article{Bergman08exascalecomputing,
  title={Exascale computing study: Technology challenges in achieving exascale systems},
  author={Bergman, Keren and Borkar, Shekhar and et. al.},
  journal={Defense Advanced Research Projects Agency Information Processing Techniques Office, Tech. Rep},
  volume={15},
  year={2008}
}

@Article{Elnozahy:02:Survey,
  author        = {Elnozahy, E. and et. al.},
  title         = {A survey of rollback-recovery protocols in message-passing
                   systems},
  journal       = {{ACM} Computing Surveys},
  year          = {2002},
  volume        = {34},
  number        = {3},
  pages         = {375--408},
  issn          = {0360-0300},
  doi           = {http://doi.acm.org/10.1145/568522.568525}
}

@article{kalaiselvi_sadhana_2000,
year={2000},
issn={0256-2499},
journal={Sadhana},
volume={25},
number={5},
doi={10.1007/BF02703630},
title={A survey of checkpointing algorithms for parallel and distributed computers},
publisher={Springer India},
keywords={Checkpointing algorithms; parallel & distributed computing; shared memory systems; rollback recovery; fault-tolerant systems},
author={Kalaiselvi, S. and Rajaraman, V.},
pages={489-510},
language={English},
}

@article{Chandy:1985:DSD:214451.214456,
     author = {Chandy, K. Mani and Lamport, Leslie},
     title = {Distributed Snapshots: Determining Global States of Distributed Systems},
     journal = {ACM Trans. Comput. Syst.},
     issue_date = {Feb. 1985},
     volume = {3},
     number = {1},
     month = feb,
     year = {1985},
     issn = {0734-2071},
     pages = {63--75},
     numpages = {13},
     doi = {10.1145/214451.214456},
     acmid = {214456},
     publisher = {ACM},
     address = {New York, NY, USA},
} 

@inproceedings{bartlett_1981_nonstop,
 author = {Bartlett, Joel F.},
 title = {A NonStop Kernel},
 booktitle = {Proceedings of the Eighth ACM Symposium on Operating Systems Principles},
 series = {SOSP '81},
 year = {1981},
 isbn = {0-89791-062-1},
 location = {Pacific Grove, California, USA},
 pages = {22--29},
 numpages = {8},
 doi = {10.1145/800216.806587},
 acmid = {806587},
 publisher = {ACM},
 address = {New York, NY, USA},
} 

@INPROCEEDINGS{tsai_isads_2011, 
author={Tsai, W.-T. and Peide Zhong and Elston, J. and Xiaoying Bai and Yinong Chen}, 
booktitle={Autonomous Decentralized Systems, $10^{th}$ Int. Symp. on}, 
title={Service Replication Strategies with MapReduce in Clouds}, 
year={2011}, 
pages={381-388}, 
keywords={Web services;cartography;cloud computing;geographic information systems;replicated databases;Google App Engine;cloud environment;cloud management service;cloud resource;data processing task;dynamic service replication;optimal service replication strategy;passive SLMR approach;predeployed service replication;processing model;service instance deployment;service level MapReduce;service request load;Cloud computing;Computer architecture;Dispatching;Google;Servers;Speech recognition;Timing;Cloud;Cloud Management Service;Service;Service Level MapReduce;Service Replication}, 
doi={10.1109/ISADS.2011.57},}



@inproceedings{ferreira_sc_2011,
 author = {Ferreira, Kurt and Stearley, Jon and et. al.},
 title = {Evaluating the Viability of Process Replication Reliability for Exascale Systems},
 series = {SC '11},
 isbn = {978-1-4503-0771-0},
 location = {Seattle, Washington},
 pages = {44:1--44:12},
 articleno = {44},
 numpages = {12},
 doi = {10.1145/2063384.2063443},
 acmid = {2063443},
}

@article{Cappello:09:Fault,
  author    = {Franck Cappello},
  title     = {Fault Tolerance in Petascale/ Exascale Systems: Current
               Knowledge, Challenges and Research Opportunities},
  journal   = {IJHPCA},
  volume    = {23},
  number    = {3},
  year      = {2009},
  pages     = {212-226},
  bibsource = {DBLP, http://dblp.uni-trier.de}
}

@article{Cappello:2009:TER:1640402.1640428,
 author = {Cappello, Franck and Geist, Al and Gropp, Bill and Kale, Laxmikant and Kramer, Bill and Snir, Marc},
 title = {Toward Exascale Resilience},
 journal = {Int. J. High Perform. Comput. Appl.},
 issue_date = {November  2009},
 volume = {23},
 number = {4},
 month = nov,
 year = {2009},
 issn = {1094-3420},
 pages = {374--388},
 numpages = {15},
 doi = {10.1177/1094342009347767},
 acmid = {1640428},
 publisher = {Sage Publications, Inc.},
 address = {Thousand Oaks, CA, USA},
 keywords = {challenge, exascale, fault tolerance, high-performance computing., resilience},
}

@INPROCEEDINGS{cui_2016_scalcom,
    author = {Xiaolong Cui and Taieb Znati and Rami Melhem},
    title = {Adaptive and power-aware resilience for extreme-scale computing},
    booktitle = {Scalcom'16},
    month = {July 18-21},
    year = {2016},
    address = {Toulouse, France}
}
