@article{cui_en7085151,
author = {Xiaolong Cui and Bryan Mills and Taieb Znati and Rami Melhem},
title = {Shadow Replication: An Energy-Aware, Fault-Tolerant Computational Model for Green Cloud Computing},
journal = {Energies},
volume = {7},
year = {2014},
number = {8},
pages = {5151--5176},
issn = {1996-1073},
doi = {10.3390/en7085151}
}

@inproceedings{cui_closer_2014,
  title={Shadows on the Cloud: An energy-aware, profit maximizing resilience framework for cloud computing.},
  author={Xiaolong Cui and Bryan Mills and Rami Melhem and Taieb Znati},
  booktitle={CLOSER 2014},
  address = {Barcelona, Spain}
}

