@inproceedings{gupta2013improving,
  title={Improving hpc application performance in cloud through dynamic load balancing},
  author={Gupta, Abhishek and Sarood, Osman and Kale, Laxmikant V and Milojicic, Dejan},
  booktitle={2013 13th IEEE/ACM International Symposium on Cluster, Cloud, and Grid Computing},
  pages={402--409},
  year={2013},
  organization={IEEE}
}

@article{infrastructure2006resource,
  title={Resource management with VMware DRS},
  author={Infrastructure, VMware},
  journal={VMware Whitepaper},
  volume={13},
  year={2006}
}

@article{Waldspurger:2002:MRM:844128.844146,
 author = {Waldspurger, Carl A.},
 title = {Memory Resource Management in VMware ESX Server},
 journal = {SIGOPS Oper. Syst. Rev.},
 issue_date = {Winter 2002},
 volume = {36},
 number = {SI},
 month = dec,
 year = {2002},
 issn = {0163-5980},
 pages = {181--194},
 numpages = {14},
 url = {http://doi.acm.org/10.1145/844128.844146},
 doi = {10.1145/844128.844146},
 acmid = {844146},
 publisher = {ACM},
 address = {New York, NY, USA},
} 

@inproceedings {234855,
author = {Xin Xu and Na Zhang and Michael Cui and Michael He and Ridhi Surana},
title = {Characterization and Prediction of Performance Interference on Mediated Passthrough GPUs for Interference-aware Scheduler},
booktitle = {11th {USENIX} Workshop on Hot Topics in Cloud Computing (HotCloud 19)},
year = {2019},
address = {Renton, WA},
url = {https://www.usenix.org/conference/hotcloud19/presentation/xu-xin},
publisher = {{USENIX} Association},
month = jul,
}

@article{arlitt1997internet,
  title={Internet web servers: Workload characterization and performance implications},
  author={Arlitt, Martin F and Williamson, Carey L},
  journal={IEEE/ACM Transactions on networking},
  volume={5},
  number={5},
  pages={631--645},
  year={1997},
  publisher={IEEE}
}

@article{lublin2003workload,
  title={The workload on parallel supercomputers: modeling the characteristics of rigid jobs},
  author={Lublin, Uri and Feitelson, Dror G},
  journal={Journal of Parallel and Distributed Computing},
  volume={63},
  number={11},
  pages={1105--1122},
  year={2003},
  publisher={Elsevier}
}


@techreport{dongarra2004introduction,
  title={Introduction to the hpcchallenge benchmark suite},
  author={Dongarra, Jack J and Luszczek, Piotr},
  year={2004},
  institution={TENNESSEE UNIV KNOXVILLE}
}

@Article{KannigaDevi2018,
author="Kanniga Devi, R.
and Murugaboopathi, G.
and Muthukannan, M.",
title="Load monitoring and system-traffic-aware live VM migration-based load balancing in cloud data center using graph theoretic solutions",
journal="Cluster Computing",
year="2018",
month="Sep",
day="01",
volume="21",
number="3",
pages="1623--1638",
issn="1573-7543",
doi="10.1007/s10586-018-2303-z",
}



@article{banerjee2013memory,
  title={Memory overcommitment in the ESX server},
  author={Banerjee, Ishan and Guo, Fei and Tati, Kiran and Venkatasubramanian, Rajesh},
  journal={VMware Technical Journal},
  volume={2},
  number={1},
  pages={2--12},
  year={2013}
}


@techreport{vmware2013scheduler,
     title = {The CPU Scheduler in VMware vSphere 5.1},
     group = {vmware},
     year = {2013},
     institution = {VMware},
}

@article{netto2018hpc,
  title={HPC cloud for scientific and business applications: Taxonomy, vision, and research challenges},
  author={Netto, Marco AS and Calheiros, Rodrigo N and Rodrigues, Eduardo R and Cunha, Renato LF and Buyya, Rajkumar},
  journal={ACM Computing Surveys (CSUR)},
  volume={51},
  number={1},
  pages={8},
  year={2018},
  publisher={ACM}
}


@InProceedings{tran2019,
author="Tran, Manh-Hung
and Dang, Thien-Binh
and Van Vo, Vi
and Le, Duc-Tai
and Kim, Moonseong
and Choo, Hyunseung",
editor="Dang, Tran Khanh
and K{\"u}ng, Josef
and Takizawa, Makoto
and Bui, Son Ha",
title="On Analyzing the Trade-Off Between Over-Commitment Ratio and Quality of Service in NFV Datacenter",
booktitle="Future Data and Security Engineering",
year="2019",
publisher="Springer International Publishing",
address="Cham",
pages="323--331",
isbn="978-3-030-35653-8"
}


@inproceedings{Tesfatsion2018,
 author = {Tesfatsion, Selome Kostentinos and Klein, Cristian and Tordsson, Johan},
 title = {Virtualization Techniques Compared: Performance, Resource, and Power Usage Overheads in Clouds},
 booktitle = {Proceedings of the 2018 ACM/SPEC International Conference on Performance Engineering},
 series = {ICPE '18},
 year = {2018},
 isbn = {978-1-4503-5095-2},
 location = {Berlin, Germany},
 pages = {145--156},
 numpages = {12},
 url = {http://doi.acm.org/10.1145/3184407.3184414},
 doi = {10.1145/3184407.3184414},
 acmid = {3184414},
 publisher = {ACM},
 address = {New York, NY, USA},
} 

@INPROCEEDINGS{1526013, 
author={D. A. {Bader} and {Yue Li} and {Tao Li} and V. {Sachdeva}}, 
booktitle={IEEE International. 2005 Proceedings of the IEEE Workload Characterization Symposium, 2005.}, 
title={BioPerf: a benchmark suite to evaluate high-performance computer architecture on bioinformatics applications}, 
year={2005}, 
volume={}, 
number={}, 
pages={163-173}, 
doi={10.1109/IISWC.2005.1526013}, 
ISSN={null}, 
month={Oct},}

@article{adhikari2018heuristic,
  title={Heuristic-based load-balancing algorithm for IaaS cloud},
  author={Adhikari, Mainak and Amgoth, Tarachand},
  journal={Future Generation Computer Systems},
  volume={81},
  pages={156--165},
  year={2018},
  publisher={Elsevier}
}


@inproceedings{panwar2015load,
  title={Load balancing in cloud computing using dynamic load management algorithm},
  author={Panwar, Reena and Mallick, Bhawna},
  booktitle={2015 International Conference on Green Computing and Internet of Things (ICGCIoT)},
  pages={773--778},
  year={2015},
  organization={IEEE}
}

@article{gill2018chopper,
  title={CHOPPER: an intelligent QoS-aware autonomic resource management approach for cloud computing},
  author={Gill, Sukhpal Singh and Chana, Inderveer and Singh, Maninder and Buyya, Rajkumar},
  journal={Cluster Computing},
  volume={21},
  number={2},
  pages={1203--1241},
  year={2018},
  publisher={Springer}
}

@article{singh2016survey,
  title={A survey on resource scheduling in cloud computing: Issues and challenges},
  author={Singh, Sukhpal and Chana, Inderveer},
  journal={Journal of grid computing},
  volume={14},
  number={2},
  pages={217--264},
  year={2016},
  publisher={Springer}
}


@article{zhan2015cloud,
  title={Cloud computing resource scheduling and a survey of its evolutionary approaches},
  author={Zhan, Zhi-Hui and Liu, Xiao-Fang and Gong, Yue-Jiao and Zhang, Jun and Chung, Henry Shu-Hung and Li, Yun},
  journal={ACM Computing Surveys (CSUR)},
  volume={47},
  number={4},
  pages={63},
  year={2015},
  publisher={ACM}
}

@inproceedings{younge2010efficient,
  title={Efficient resource management for cloud computing environments},
  author={Younge, Andrew J and Von Laszewski, Gregor and Wang, Lizhe and Lopez-Alarcon, Sonia and Carithers, Warren},
  booktitle={International Conference on Green Computing},
  pages={357--364},
  year={2010},
  organization={IEEE}
}


@techreport{hyperion2019,
     title = {Cloud Computing for HPC Comes of Age},
     author = {Steve Conway and Alex Norton and Bob Sorensen and Earl Joseph},
     group = {HYPERION RESEARCH},
     year = {2019},
     institution = {HYPERION RESEARCH},
}


@techreport{vmware2017josh,
     title = {Virtualizing HPC and Technical Computing with VMware vSphere},
     author = {Josh Simons and  Edmond DeMattia and Charu Chaubal},
     group = {vmware},
     year = {2017},
     institution = {VMware},
}


@techreport{michael2018overcommit,
  title={Virtualizing HPC Throughput Computing Environments},
  author={Cui, Xiaolong and Simons, Josh},
  group = {vmware},
  year = {2018},
  institution = {VMware},
  }

@misc{madukkarumukumana2008resource,
  title={Resource partitioning and direct access utilizing hardware support for virtualization},
  author={Madukkarumukumana, Rajesh S and Neiger, Gilbert and Schoinas, Ioannis},
  year={2008},
  month=dec # "~16",
  publisher={Google Patents},
  note={US Patent 7,467,381}
}

@article{bugnion2017hardware,
  title={Hardware and software support for virtualization},
  author={Bugnion, Edouard and Nieh, Jason and Tsafrir, Dan},
  journal={Synthesis Lectures on Computer Architecture},
  volume={12},
  number={1},
  pages={1--206},
  year={2017},
  publisher={Morgan \& Claypool Publishers}
}