%% This BibTeX bibliography file was created using BibDesk.
%% http://bibdesk.sourceforge.net/


%% Created for Xianwei Zhang at 2015-11-30 14:43:06 -0500 


%% Saved with string encoding Unicode (UTF-8) 



@inproceedings{ISCA13:surfnoc,
	Author = {h. Wassel and Y. Gao and J. K. Oberg and T. Huffmire and R. Kastner and F. T. Chong and T. Sherwood},
	Booktitle = {ISCA},
	Date-Added = {2015-11-30 19:41:28 +0000},
	Date-Modified = {2015-11-30 19:42:39 +0000},
	Pages = {583-594},
	Title = {{SurfNoC}: a low latency and provably non-interfering approach to secure networks-on-chip},
	Year = {2013}}

@inproceedings{NOCS12:noc_channel,
	Author = {Y. Wang and G. E. Suh},
	Booktitle = {NOCS},
	Date-Added = {2015-11-30 19:38:17 +0000},
	Date-Modified = {2015-11-30 19:39:01 +0000},
	Pages = {142-151},
	Title = {Efficient timing channel protection for on-chip networks},
	Year = {2012}}

@inproceedings{ISCA07:cache_channel,
	Author = {Z. Wang and R. Lee},
	Booktitle = {ISCA},
	Date-Added = {2015-11-30 19:36:40 +0000},
	Date-Modified = {2015-11-30 19:37:13 +0000},
	Pages = {494-505},
	Title = {New cache designs for thwarting software cache-based side channel attacks},
	Year = {2007}}

@inproceedings{BSDCan05:cache_fun,
	Author = {C. Percival},
	Booktitle = {DSDCan},
	Date-Added = {2015-11-30 19:35:10 +0000},
	Date-Modified = {2015-11-30 19:35:48 +0000},
	Title = {Cache missing for fun and profit},
	Year = {2005}}

@inproceedings{HASP13:cache,
	Author = {F. Liu and  R. Lee},
	Booktitle = {HASP},
	Date-Added = {2015-11-30 19:33:06 +0000},
	Date-Modified = {2015-11-30 19:34:00 +0000},
	Title = {Security testing of a secure cache design},
	Year = {2013}}

@inproceedings{WACAS14:ref,
	Author = {A. Rahmati and M. Hicks and D. Holcomb and K. Fu},
	Booktitle = {WACAS},
	Date-Added = {2015-11-30 16:37:57 +0000},
	Date-Modified = {2015-11-30 16:39:27 +0000},
	Title = {Refreshing thoughts on {DRAM}: Power savings vs. data integrity},
	Year = {2014}}

@inproceedings{CASES15:appro,
	Author = {R. Arnab and H. Jayakumar and S. Sutar and V. Raghunathan},
	Booktitle = {CASES},
	Date-Added = {2015-11-30 16:21:09 +0000},
	Date-Modified = {2015-11-30 16:22:28 +0000},
	Pages = {89-98},
	Title = {Quality-aware data allocation in approximate {DRAM}},
	Year = {2015}}

@inproceedings{MEM14:sparkk,
	Author = {J. Lucas and M. Alvarez-Mesa and M. Andersch and B. Juurlink},
	Booktitle = {The memory forum},
	Date-Added = {2015-11-30 16:18:39 +0000},
	Date-Modified = {2015-11-30 16:20:17 +0000},
	Pages = {1-6},
	Title = {Sparkk: Quality-scalable approximate storage in {DRAM}},
	Year = {2014}}

@inproceedings{ISCA02:drowsy,
	Author = {K. Flautner and N. S. Kim and S. Martin and D. Blaauw and T. Mudge},
	Booktitle = {ISCA},
	Date-Added = {2015-11-30 16:05:21 +0000},
	Date-Modified = {2015-11-30 16:06:10 +0000},
	Pages = {148-157},
	Title = {Drowsy caches: simple techniques for reducing leakage power},
	Year = {2002}}

@inproceedings{OOPSLA15:topaz,
	Author = {S. Achour and M. C. Rinard},
	Booktitle = {OOPLSA},
	Date-Added = {2015-11-30 15:50:10 +0000},
	Date-Modified = {2015-11-30 15:50:52 +0000},
	Pages = {711-730},
	Title = {Approximate computation with outlier detection in {Topaz}},
	Year = {2015}}

@inproceedings{ASPLOS11:knob,
	Author = {H. Hoffmann and S. Sidiroglous and M. Carbin and S. Misailovic and A. Agarwal and M. Rinard},
	Booktitle = {ASPLOS},
	Date-Added = {2015-11-30 15:47:11 +0000},
	Date-Modified = {2015-11-30 15:48:08 +0000},
	Pages = {199-212},
	Title = {Dynamic knobs for responsive power-aware computing},
	Year = {2011}}

@inproceedings{PLDI10:green,
	Author = {W. Baek and T. M. Chilimbi},
	Booktitle = {PLDI},
	Date-Added = {2015-11-30 15:44:42 +0000},
	Date-Modified = {2015-11-30 15:45:37 +0000},
	Pages = {198-209},
	Title = {Green: a framework for supporting energy-conscious programming using controlled approximation},
	Year = {2010}}

@inproceedings{DATE10:proc,
	Author = {S. Narayanan and J. Sartori and R. Kumar and D. L. Jones},
	Booktitle = {DATE},
	Date-Added = {2015-11-30 15:42:09 +0000},
	Date-Modified = {2015-11-30 15:42:54 +0000},
	Pages = {335-338},
	Title = {Scalable stochastic processors},
	Year = {2010}}

@inproceedings{ASPLOS11:flikker,
	Author = {S. Liu and K. Pattabiraman and T. Moscibroda and B. G. Zorn},
	Booktitle = {ASPLOS},
	Date-Added = {2015-11-30 15:40:22 +0000},
	Date-Modified = {2015-11-30 15:41:17 +0000},
	Pages = {213-224},
	Title = {Flikker: saving {DRAM} refresh-power through critical data partitioning},
	Year = {2011}}

@inproceedings{MICRO12:neural,
	Author = {H. Esmaeilzadeh and A. Sampson and L. Ceze and D. Burger},
	Booktitle = {MICRO},
	Date-Added = {2015-11-30 15:38:29 +0000},
	Date-Modified = {2015-11-30 15:39:30 +0000},
	Pages = {449-460},
	Title = {Neural acceleration for general-purpose approximate programs},
	Year = {2012}}

@inproceedings{ASPLOS12:disciplined,
	Author = {H. Esmaeilzadeh and A. Sampson and L. Ceze and D. Burger},
	Booktitle = {ASPLOS},
	Date-Added = {2015-11-30 15:36:35 +0000},
	Date-Modified = {2015-11-30 15:37:43 +0000},
	Pages = {301-312},
	Title = {Architecture support for disciplined approximate programming},
	Year = {2012}}

@inproceedings{ISCA10:relax,
	Author = {M. d. Kruijf and S. Nomura and K. Sankaralingam},
	Booktitle = {ISCA},
	Date-Added = {2015-11-30 15:30:00 +0000},
	Date-Modified = {2015-11-30 15:30:39 +0000},
	Pages = {497-508},
	Title = {Relax: an architectural framework for software recovery of hardware faults},
	Year = {2010}}

@inproceedings{DATE06:cmos,
	Author = {L. N. Chakrapani and B. E. S. Akgul and S. Cheemalavagu and P. Korkmaz and K. V. Palem and B. Seshasayee},
	Booktitle = {DATE},
	Date-Added = {2015-11-30 15:26:31 +0000},
	Date-Modified = {2015-11-30 15:27:59 +0000},
	Pages = {1110-1115},
	Title = {Ultra-efficient (embedded) {SOC} architectures based on probabilistic {CMOS (PCMOS)} technology},
	Year = {2006}}

@inproceedings{CCS13:oram,
	Author = {E. Stefanov and E. v. Dijk and E. Shi and C. Fletcher and l. Ren and X. Yu and S. Devadas},
	Booktitle = {CCS},
	Date-Added = {2015-11-21 17:07:58 +0000},
	Date-Modified = {2015-11-21 19:04:36 +0000},
	Pages = {229-310},
	Title = {Path {ORAM}: an extremely simple oblivious {RAM} protocol},
	Year = {2013}}

@inproceedings{CLOUDCOM10:privacy,
	Author = {S. Pearson and A. Benameur},
	Booktitle = {CloudCom},
	Date-Added = {2015-11-21 16:57:49 +0000},
	Date-Modified = {2015-11-21 19:04:31 +0000},
	Pages = {693-702},
	Title = {Privacy, security and trust issues arising from cloud computing},
	Year = {2010}}

@inproceedings{MICRO15:doppelganger,
	Author = {J. S. Miguel and J. Albericio and A. Moshovos and N. E. Jerger},
	Booktitle = {MICRO},
	Date-Added = {2015-11-21 16:43:09 +0000},
	Date-Modified = {2015-11-21 19:03:52 +0000},
	Title = {Doppelganger: A cache for approximate computing},
	Year = {2015}}

@inproceedings{MICRO13:appro,
	Author = {A. Sampson and J. Nelson and K. Strauss and L. Ceze},
	Booktitle = {MICRO},
	Date-Added = {2015-11-21 16:40:58 +0000},
	Date-Modified = {2015-11-21 19:04:03 +0000},
	Pages = {25-36},
	Title = {Approximate storage in solid-state memories},
	Year = {2013}}

@inproceedings{MICRO14:appro,
	Author = {J. S. Miguel and M. Badr and N. E. Jerger},
	Booktitle = {MICRO},
	Date-Added = {2015-11-21 16:39:12 +0000},
	Date-Modified = {2015-11-21 19:03:58 +0000},
	Pages = {127-139},
	Title = {Load value approximation},
	Year = {2014}}

@inproceedings{PLDI11:enerj,
	Author = {A. Sampson and W. Dietl and E. Fortuna and D. Gnanapragasam and L. Ceze and D. Grossman},
	Booktitle = {PLDI},
	Date-Added = {2015-11-21 16:37:29 +0000},
	Date-Modified = {2015-11-21 19:03:40 +0000},
	Pages = {164-174},
	Title = {{EnerJ}: approximate data types for safe and general low-power computation},
	Year = {2011}}

@inproceedings{ISCA15:prob,
	Author = {A. Rahmati and M. Hicks and D. E. Holcomb and K. Fu},
	Booktitle = {ISCA},
	Date-Added = {2015-11-21 16:35:51 +0000},
	Date-Modified = {2015-11-21 19:04:23 +0000},
	Pages = {604-615},
	Title = {Probable cause: the deanonymizing effects of approximate {DRAM}},
	Year = {2015}}

@inproceedings{MICRO15:fs,
	Author = {A. Shariee and A. Gundu and M. Shevgoor and R. Balasubramonian and M. Tiwari},
	Booktitle = {MICRO},
	Date-Added = {2015-11-21 16:32:49 +0000},
	Date-Modified = {2015-11-21 19:03:46 +0000},
	Title = {Avoiding information leakage in the memory controller with fixed service policies},
	Year = {2015}}

@inproceedings{HPCA14:channel,
	Author = {Y. Wang and A. Ferraiuolo and G. E. Suh},
	Booktitle = {HPCA},
	Date-Added = {2015-11-21 16:30:50 +0000},
	Date-Modified = {2015-11-21 19:04:18 +0000},
	Pages = {225-236},
	Title = {Timing channel protection for a shared memory controller},
	Year = {2014}}
