%% This BibTeX bibliography file was created using BibDesk.
%% http://bibdesk.sourceforge.net/


%% Created for Xianwei Zhang at 2015-11-17 23:24:15 -0500 


%% Saved with string encoding Unicode (UTF-8) 



@misc{JEDEC:ddr4,
	Author = {JEDEC},
	Date-Added = {2015-11-17 21:25:43 +0000},
	Date-Modified = {2015-11-18 04:24:14 +0000},
	Title = {{DDR4 SDRAM}},
	Year = {2012}}

@misc{JEDEC:ddr3,
	Author = {JEDEC},
	Date-Added = {2015-11-17 21:24:45 +0000},
	Date-Modified = {2015-11-17 21:25:18 +0000},
	Title = {{DDR3 SDRAM} Specification},
	Year = {2009}}

@misc{JEDEC:ddr2,
	Author = {JEDEC},
	Date-Added = {2015-11-17 21:23:26 +0000},
	Date-Modified = {2015-11-17 21:24:01 +0000},
	Title = {{DDR2 SDRAM} Specification},
	Year = {2009}}

@misc{JEDEC:ddr,
	Author = {JEDEC},
	Date-Added = {2015-11-17 20:54:51 +0000},
	Date-Modified = {2015-11-17 21:18:29 +0000},
	Title = {Double data rate ({DDR}) {SDRAM} specification},
	Year = {2000}}
