% ------- my team work

@InProceedings{dengacl2013,
  author    = {Lingjia Deng and Yoonjung Choi and Janyce Wiebe},
  title     = {Benefactive/Malefactive Event and Writer Attitude Annotation},
  booktitle = {ACL 2013 (short paper)},
  publisher = {Association for Computational Linguistics},
  year = {2013}
}

@InProceedings{dengeacl2014,
  author    = {Deng, Lingjia  and  Wiebe, Janyce},
  title     = {Sentiment Propagation via Implicature Constraints},
  booktitle = {Proceedings of the 14th Conference of the European Chapter of the Association for Computational Linguistics},
  month     = {April},
  year      = {2014},
  address   = {Gothenburg, Sweden},
  publisher = {Association for Computational Linguistics},
  pages     = {377--385},
  url       = {http://www.aclweb.org/anthology/E14-1040}
}

@InProceedings{dengcoling2014,
  author    = {Deng, Lingjia  and  Wiebe, Janyce  and  Choi, Yoonjung},
  title     = {Joint Inference and Disambiguation of Implicit Sentiments via Implicature Constraints},
  booktitle = {Proceedings of COLING 2014, the 25th International Conference on Computational Linguistics: Technical Papers},
  month     = {August},
  year      = {2014},
  address   = {Dublin, Ireland},
  publisher = {Dublin City University and Association for Computational Linguistics},
  pages     = {79--88},
  url       = {http://www.aclweb.org/anthology/C14-1009}
}


@article{wiebeDengarXiv2014,
  author    = {Janyce Wiebe and
               Lingjia Deng},
  title     = {An Account of Opinion Implicatures},
  journal   = {arXiv},
  volume    = {1404.6491[cs.CL]},
  year      = {2014},
  url       = {http://arxiv.org/abs/1404.6491}
}

@InProceedings{dengnaacl2015,
  author    = {Deng, Lingjia  and  Wiebe, Janyce},
  title     = {MPQA 3.0: An Entity/Event-Level Sentiment Corpus},
  booktitle = {Proceedings of the 2015 Conference of the North American Chapter of the Association for Computational Linguistics: Human Language Technologies},
  month     = {May--June},
  year      = {2015},
  address   = {Denver, Colorado},
  publisher = {Association for Computational Linguistics},
  pages     = {1323--1328},
  url       = {http://www.aclweb.org/anthology/N15-1146}
}

@InProceedings{dengemnlp2015,
  author    = {Deng, Lingjia  and  Wiebe, Janyce},
  title     = {Joint Prediction for Entity/Event-Level Sentiment Analysis using Probabilistic Soft Logic Models},
  booktitle = {Proceedings of the 2014 Conference on Empirical Methods in Natural Language Processing (EMNLP)},
  month     = {September},
  year      = {2015},
  address   = {Lisbon, Portugal},
  publisher = {Association for Computational Linguistics}
}


% ------ yoonjoing's lexicon
@inproceedings{choi2014gfbfLexicon,
  title={Lexical Acquisition for Opinion Inference: A Sense-Level Lexicon of Benefactive and Malefactive Events},
  author={Choi, Yoonjung and Wiebe, Janyce and Deng, Lingjia},
  booktitle={5th Workshop on Computational Approaches to Subjectivity, Sentiment \& Social Media Analysis},
  year={2014}
}

@article{choi2014emnlpGFBFLexicon,
  title={+/-EffectWordNet: Sense-level Lexicon Acquisition for Opinion Inference},
  author={Choi, Yoonjung and Wiebe, Janyce},
  booktitle={Proceedings of the 2014 Conference on Empirical Methods in Natural Language Processing (EMNLP)},
  year={2014}
}

% ------ jan's work, and other's work (cem's alex's swapana's wilson's)

@inproceedings{Conrad2012healthcareCorpus,
 author = {Conrad, Alexander and Wiebe, Janyce and Hwa, Rebecca},
 title = {Recognizing arguing subjectivity and argument tags},
 booktitle = {Proceedings of the Workshop on Extra-Propositional Aspects of Meaning in Computational Linguistics},
 series = {ExProM '12},
 year = {2012},
 location = {Jeju, Republic of Korea},
 pages = {80--88},
 numpages = {9},
 url = {http://dl.acm.org/citation.cfm?id=2392701.2392711},
 acmid = {2392711},
 publisher = {Association for Computational Linguistics},
 address = {Stroudsburg, PA, USA}
}

@INPROCEEDINGS{Wilson2003,
  author = {Theresa Wilson and Janyce Wiebe},
  title = {Annotating Opinions in the World Press},
  booktitle = {Proceedings of the 4th ACL SIGdial Workshop on Discourse and Dialogue
    (SIGdial-03)},
  year = {2003},
  pages = {13-22},
  keywords = {subjectivity},
}

@ARTICLE{wiebe2005mpqaCorpus,
  author = {Janyce Wiebe and Theresa Wilson and Claire Cardie},
  title = {Annotating Expressions of Opinions and Emotions in Language},
  journal = {Language Resources and Evaluation},
  year = {2005},
  volume = {39},
  pages = {164-210},
  number = {2/3}
}

@phdthesis{wilson2008thesis,
  title={Fine-grained subjectivity analysis},
  author={Wilson, Theresa},
  year={2008},
  school={Doctoral Dissertation, University of Pittsburgh}
}

@InProceedings{wilson2005opinionFinder,
    author={Theresa Wilson and Janyce Wiebe and and Paul Hoffmann},
    title={Recognizing Contextual Polarity in Phrase-level Sentiment Analysis},
    booktitle={HLP/EMNLP},
    year = {2005},
    pages = {347-354},
    website = {http://mpqa.cs.pitt.edu/}
}

@inproceedings{akkaya2009SWSD,
 author = {Akkaya, Cem and Wiebe, Janyce and Mihalcea, Rada},
 title = {Subjectivity Word Sense Disambiguation},
 booktitle = {Proceedings of the 2009 Conference on Empirical Methods in Natural Language Processing: Volume 1 - Volume 1},
 series = {EMNLP '09},
 year = {2009},
 isbn = {978-1-932432-59-6},
 location = {Singapore},
 pages = {190--199},
 numpages = {10},
 url = {http://dl.acm.org/citation.cfm?id=1699510.1699535},
 acmid = {1699535},
 publisher = {Association for Computational Linguistics},
 address = {Stroudsburg, PA, USA}
} 

@inproceedings{stoyanovetal2005opqa,
  title={Multi-perspective question answering using the OpQA corpus},
  author={Stoyanov, Veselin and Cardie, Claire and Wiebe, Janyce},
  booktitle={Proceedings of the conference on Human Language Technology and Empirical Methods in Natural Language Processing},
  pages={923--930},
  year={2005},
  organization={Association for Computational Linguistics}
}


@INPROCEEDINGS{somasundaran2007sentimentQA,
  author = {Swapna Somasundaran and Theresa Wilson and Janyce Wiebe and Veselin Stoyanov },
  title = {QA with Attitude: Exploiting Opinion Type Analysis for Improving
  Question Answering in On-line Discussions and the News},
  booktitle = {International Conference on Weblogs and Social Media},
  year = {2007},
  address = {Boulder, CO}
}

%-- cem's mechanical turker
@inproceedings{akkaya2010amazon,
  title={Amazon mechanical turk for subjectivity word sense disambiguation},
  author={Akkaya, Cem and Conrad, Alexander and Wiebe, Janyce and Mihalcea, Rada},
  booktitle={Proceedings of the NAACL HLT 2010 Workshop on Creating Speech and Language Data with Amazon's Mechanical Turk},
  pages={195--203},
  year={2010},
  organization={Association for Computational Linguistics}
}




