%% This BibTeX bibliography file was created using BibDesk.
%% http://bibdesk.sourceforge.net/


%% Created for Xianwei Zhang at 2015-11-23 13:04:03 -0500 


%% Saved with string encoding Unicode (UTF-8) 



@article{TODAES11:partition,
	Author = {J. Cong and W. Jiang and B. Liu and Y. Zou},
	Date-Added = {2015-11-23 18:02:36 +0000},
	Date-Modified = {2015-11-23 18:03:18 +0000},
	Journal = {ACM Transactions on Design Automation of Electronic Systems (TODAES)},
	Month = {Mar},
	Number = {2},
	Pages = {1-25},
	Title = {Automatic memory partitioning and scheduling for throughput and power optimization},
	Volume = {16},
	Year = {2011}}

@article{TODAES08:bankmem,
	Author = {O. Ozturk and M. Kandemir},
	Date-Added = {2015-11-23 18:00:10 +0000},
	Date-Modified = {2015-11-23 18:01:29 +0000},
	Journal = {ACM Transactions on Design Automation of Electronic Systems (TODAES)},
	Month = {Jul},
	Number = {2},
	Pages = {1-40},
	Title = {{ILP}-based energy minimization techniques for banked memories},
	Volume = {13},
	Year = {2008}}

@article{TC01:alloc,
	Author = {D. Lee and J. Choi and J. Kim and S. H. Noh and S. L. Min and Y. Cho and C. S. Kim},
	Date-Added = {2015-11-23 17:48:30 +0000},
	Date-Modified = {2015-11-23 17:51:18 +0000},
	Journal = {IEEE Trans. Comput.},
	Number = {12},
	Pages = {1352-1361},
	Title = {{LRUF}: A spectrum of policies that subsumes the least recently used and least frequently used policies},
	Volume = {50},
	Year = {2001}}

@inproceedings{ICS11:hot_page,
	Author = {L. E. Ramos and E. Gorbatov and R. Bianchini},
	Booktitle = {ICS},
	Date-Added = {2015-11-23 17:37:32 +0000},
	Date-Modified = {2015-11-23 17:38:23 +0000},
	Pages = {85-95},
	Title = {Page placement in hybrid memory systems},
	Year = {2011}}

@inproceedings{ISCA09:hot_page,
	Author = {A. Bhattacharjee and M. Martonosi},
	Booktitle = {ISCA},
	Date-Added = {2015-11-23 17:36:01 +0000},
	Date-Modified = {2015-11-23 17:37:19 +0000},
	Pages = {290-301},
	Title = {Thread criticality predictors for dynamic performance, power and resource management in chip multiprocessors},
	Year = {2009}}

@article{TODAES13:hot_page,
	Author = {R. Ayoub and R. Nath and T. S. Rosing},
	Date-Added = {2015-11-23 16:37:11 +0000},
	Date-Modified = {2015-11-23 17:34:28 +0000},
	Journal = {ACM Transactions on Design Automation of Electronic Systems (TODAES)},
	Number = {1},
	Pages = {1-28},
	Title = {{CoMETC}: Coordinated management of energy/thermal/cooling in servers},
	Volume = {19},
	Year = {2013}}
