%% This BibTeX bibliography file was created using BibDesk.
%% http://bibdesk.sourceforge.net/


%% Created for Xianwei Zhang at 2015-11-23 10:02:44 -0500 


%% Saved with string encoding Unicode (UTF-8) 



@inproceedings{ISCA15:reflex,
	Author = {I. Bhati and Z. Chishti and S.-L. Lu and B. Jacob},
	Booktitle = {ISCA},
	Date-Added = {2015-11-17 01:36:30 +0000},
	Date-Modified = {2015-11-21 19:06:25 +0000},
	Pages = {235-246},
	Title = {Flexible auto-refresh: enabling scalable and energy-efficient {DRAM} refresh reductions},
	Year = {2015}}

@inproceedings{DSN15:vrt,
	Author = {M. K. Qureshi and D.-H. Kim and S. Khan and P. J. Nair and O. Mutlu},
	Booktitle = {DSN},
	Date-Added = {2015-11-17 01:33:34 +0000},
	Date-Modified = {2015-11-21 19:07:11 +0000},
	Pages = {427-437},
	Title = {{AVATAR}: A variable-retention-time ({VRT}) aware refresh for {DRAM} systems},
	Year = {2015}}

@inproceedings{MICRO10:elastic_refresh,
	Author = {J. Stuecheli and D. Kaseridis and H. C. Hunter and L. K. John},
	Booktitle = {MICRO},
	Date-Added = {2015-11-17 01:30:48 +0000},
	Date-Modified = {2015-11-21 19:06:14 +0000},
	Pages = {375-384},
	Title = {Elastic refresh: Techniques to mitigate refresh penalties in high density memory},
	Year = {2010}}

@inproceedings{HPCA13:refresh_pausing,
	Author = {P. J. Nair and C.-C. Chou and M. K. Qureshi},
	Booktitle = {HPCA},
	Date-Added = {2015-11-17 01:28:44 +0000},
	Date-Modified = {2015-11-21 19:06:55 +0000},
	Pages = {627-638},
	Title = {A case for refresh pausing in {DRAM} memory systems},
	Year = {2013}}

@inproceedings{ISCA13:ddr4,
	Author = {J. Mukundan and H. Hunter and K.-h. Kim and J. Stuecheli and J. F. Martinez},
	Booktitle = {ISCA},
	Date-Added = {2015-11-17 01:25:58 +0000},
	Date-Modified = {2015-11-21 19:06:35 +0000},
	Pages = {48-59},
	Title = {Understanding and mitigating refresh overheads in high-density {DDR4 DRAM} systems},
	Year = {2013}}

@inproceedings{ISCA13:ret,
	Author = {J. Liu and B. Jaiyen and Y. Kim and C. Wilkerson and O. Mutlu},
	Booktitle = {ISCA},
	Date-Added = {2015-11-17 01:23:51 +0000},
	Date-Modified = {2015-11-21 19:06:30 +0000},
	Pages = {60-71},
	Title = {An experimental study of data retention behavior in modern {DRAM} devices: Implications for retention time profiling mechanisms},
	Year = {2013}}

@article{EDL09:ret,
	Author = {K. Kim and J. Lee},
	Date-Added = {2015-11-17 01:20:07 +0000},
	Date-Modified = {2015-11-23 15:02:23 +0000},
	Journal = {IEEE Electron Device Lett.},
	Number = {8},
	Pages = {846-848},
	Title = {A new investigation of data retention time in truly nanoscaled {DRAMs}},
	Volume = {30},
	Year = {2009}}

@inproceedings{SIGMETRICS14:vrt,
	Author = {S. Khan and D. Lee and Y. Kim and A. R. Alameldeen and C. Wilkerson and O. Mutlu},
	Booktitle = {SIGMETRICS},
	Date-Added = {2015-11-17 01:16:45 +0000},
	Date-Modified = {2015-11-21 19:06:04 +0000},
	Pages = {519-532},
	Title = {The efficacy of error mitigation techniques for {DRAM} retention failures: A comparative experimental study},
	Year = {2014}}

@inproceedings{MICRO10:smart_refresh,
	Author = {M. Ghosh and H.-H. S. Lee},
	Booktitle = {MICRO},
	Date-Added = {2015-11-17 01:10:14 +0000},
	Date-Modified = {2015-11-21 19:06:09 +0000},
	Pages = {134-145},
	Title = {Smart refresh: An enhanced memory controller design for reducing energy in conventional and {3D} die-stacked {DRAMs}},
	Year = {2010}}

@inproceedings{ISCA13:archshield,
	Author = {P. J. Nair and D.-H. Kim and M. K. Qureshi},
	Booktitle = {ISCA},
	Date-Added = {2015-11-17 01:07:07 +0000},
	Date-Modified = {2015-11-21 19:06:41 +0000},
	Pages = {72-83},
	Title = {{ArchShield}: Architectural framework for assisting {DRAM} scaling by tolerating high error rates},
	Year = {2013}}

@inproceedings{ITC08:ret_dist,
	Author = {K. Wong and P. C. Parries and G. Wang and S. S. Iyer},
	Booktitle = {ITC},
	Date-Added = {2015-11-17 01:04:27 +0000},
	Date-Modified = {2015-11-21 19:06:20 +0000},
	Pages = {1-7},
	Title = {Analysis of retention time distribution of embedded {DRAM} - A new method to characterize across-chip threshold voltage variation},
	Year = {2008}}

@inproceedings{HPCA14:mosaic,
	Author = {A. Agrawal and A. Ansari and J. Torrellas},
	Booktitle = {HPCA},
	Date-Added = {2015-11-17 01:01:04 +0000},
	Date-Modified = {2015-11-21 19:06:51 +0000},
	Pages = {84-95},
	Title = {Mosaic: Exploiting the spatial locality of process variation to reduce refresh energy in on-chip {eDRAM} modules},
	Year = {2014}}

@inproceedings{ISCA12:raidr,
	Author = {J. Liu and B. Jaiyen and R. Veras and O. Mutlu},
	Booktitle = {ISCA},
	Date-Added = {2015-11-17 00:53:34 +0000},
	Date-Modified = {2015-11-21 19:06:45 +0000},
	Pages = {1-12},
	Title = {{RAIDR}: Retention-aware intelligent {DRAM} refresh},
	Year = {2012}}

@article{ED98:ret_dist,
	Author = {T. Hamamoto and S. Sugiura and S. Sawada},
	Date-Added = {2015-11-16 20:17:05 +0000},
	Date-Modified = {2015-11-23 15:02:42 +0000},
	Journal = {IEEE Trans. Electron Devices},
	Number = {6},
	Pages = {1300-1309},
	Title = {On the retention time distribution of dynamic random access memory ({DRAM})},
	Volume = {45},
	Year = {1998}}
