%% This BibTeX bibliography file was created using BibDesk.
%% http://bibdesk.sourceforge.net/


%% Created for Xianwei Zhang at 2015-12-02 21:31:01 -0500 


%% Saved with string encoding Unicode (UTF-8) 



@inproceedings{SOSP15:xpoint,
	Author = {D. Patterson},
	Booktitle = {SOSP},
	Date-Added = {2015-12-03 02:29:36 +0000},
	Date-Modified = {2015-12-03 02:30:12 +0000},
	Title = {Past and future of hardware and architecture},
	Year = {2015}}

@inproceedings{DSN15:avatar,
	Author = {M. K. Qureshi and D.-H. Kim and S. Khan and P. J. Nair and O. Mutlu},
	Booktitle = {DSN},
	Date-Added = {2015-12-03 02:14:44 +0000},
	Date-Modified = {2015-12-03 02:16:41 +0000},
	Pages = {427-437},
	Title = {{AVATAR}: A variable-retention-time ({VRT}) aware refresh for {DRAM} Systems},
	Year = {2015}}

@article{IBM02:scaling,
	Author = {J. A. Mandelman and R. H. Dennard and G. B. Bronner and J. K. DeBrosse and R. Divakaruni and Y. Li and C. J. Radens},
	Date-Added = {2015-11-17 14:48:31 +0000},
	Date-Modified = {2015-11-17 14:50:22 +0000},
	Journal = {IBM Journal of Research and Development},
	Number = {Issues 2-3},
	Pages = {187-212},
	Title = {Challenges and future directions for the scaling of dynamic random-access memory ({DRAM})},
	Volume = {46},
	Year = {2002}}

@inproceedings{IEDM10:scaling,
	Author = {S. Hong},
	Booktitle = {IEDM},
	Date-Added = {2015-11-17 03:34:04 +0000},
	Date-Modified = {2015-11-21 19:07:37 +0000},
	Pages = {12.4.1-12.4.4},
	Title = {Memory technology trend and future challenges},
	Year = {2010}}

@inproceedings{ISPASS13:stt,
	Author = {E. Kultursay and M. Kandemir and A. Sivasubramaniam and O. Mutlu},
	Booktitle = {ISPASS},
	Date-Added = {2015-11-17 03:22:02 +0000},
	Date-Modified = {2015-11-21 19:07:25 +0000},
	Pages = {256-267},
	Title = {Evaluating {STT-RAM} as an energy-efficient main memory alternative},
	Year = {2013}}

@inproceedings{ISCA09:pcm,
	Author = {B. C. Lee and E. Ipek and O. Mutlu and D. Burger},
	Booktitle = {ISCA},
	Date-Added = {2015-11-17 03:15:49 +0000},
	Date-Modified = {2015-11-21 19:07:30 +0000},
	Pages = {2-13},
	Title = {Architecting phase change memory as a scalable {DRAM} alternative},
	Year = {2009}}

@book{BOOK15:scaling,
	Date-Added = {2015-11-17 03:11:17 +0000},
	Date-Modified = {2015-11-17 03:13:08 +0000},
	Editor = {R. O. Topaloglu},
	Publisher = {Springer},
	Title = {More than {Moore} technologies for next generation computer design},
	Year = {2015}}
