%% This BibTeX bibliography file was created using BibDesk.
%% http://bibdesk.sourceforge.net/


%% Created for Xianwei Zhang at 2015-12-03 13:48:25 -0500 


%% Saved with string encoding Unicode (UTF-8) 



@inproceedings{ISCA15:pim,
	Author = {J. Ahn and S. Yoo and O. Mutlu and K. Choi},
	Booktitle = {ISCA},
	Date-Added = {2015-11-21 18:59:59 +0000},
	Date-Modified = {2015-11-21 19:00:47 +0000},
	Pages = {336-348},
	Title = {{PIM}-enabled instructions: A low-overhead, locality-aware processing-in-memory architecture},
	Year = {2015}}

@article{JMicro:ndp,
	Author = {R. Balasubramonian and J. Chang and T. Manning and J. H. Moreno and R. Murphy and R. Nair and S. Swanson},
	Date-Added = {2015-11-21 18:55:33 +0000},
	Date-Modified = {2015-11-21 18:59:32 +0000},
	Journal = {IEEE Micro},
	Pages = {36-42},
	Title = {Near-data processing: Insights from a {MICRO-46} workshop},
	Year = {2014}}

@inproceedings{HPDC14:pim_gpu,
	Author = {D. Zhang and N. Jayasena and A. Lyashevsky and J. L. Greathouse and L. Xu and M. Ignatowski},
	Booktitle = {HPDC},
	Date-Added = {2015-11-21 18:51:07 +0000},
	Date-Modified = {2015-11-21 18:52:23 +0000},
	Pages = {85-98},
	Title = {{TOP-PIM}: throughput-oriented programmable processing in memory},
	Year = {2014}}

@misc{HMC:spec2,
	Author = {Consortium},
	Date-Added = {2015-11-21 18:45:41 +0000},
	Date-Modified = {2015-12-03 18:48:23 +0000},
	Howpublished = {\url{http://www.jedec.org}},
	Title = {Hybrid memory cube specification 2.0},
	Year = {2015}}

@inproceedings{ICCD15:dlb,
	Author = {X. Zhang and Y. Zhang and J. Yang},
	Booktitle = {ICCD},
	Date-Added = {2015-11-21 18:43:55 +0000},
	Date-Modified = {2015-11-21 18:44:48 +0000},
	Pages = {133-140},
	Title = {{DLB}: Dynamic lane borrowing for improving bandwidth and performance in hybrid memory cube},
	Year = {2015}}

@inproceedings{ICCD13:temp,
	Author = {M. J. Khurshid and M. Lipasti},
	Booktitle = {ICCD},
	Date-Added = {2015-11-21 18:42:06 +0000},
	Date-Modified = {2015-11-21 18:43:22 +0000},
	Pages = {185-192},
	Title = {Data compression for thermal mitigation in the hybrid memory cube},
	Year = {2013}}

@inproceedings{DAC06:3dmodel,
	Author = {G. L. Loi and B. Agrawal and N. Srivastava and S. Lin and T. Sherwood and K. Banerjee},
	Booktitle = {DAC},
	Date-Added = {2015-11-21 18:39:42 +0000},
	Date-Modified = {2015-11-21 18:41:35 +0000},
	Pages = {991-996},
	Title = {A thermally-aware performance analysis of vertically integrated ({3-D}) processor-memory hierarchy},
	Year = {2006}}

@conference{WONDP14:thermal,
	Author = {Y. Eckert and N. Jayasena and G. H. Loh},
	Booktitle = {WoNDP},
	Date-Added = {2015-11-21 18:37:18 +0000},
	Date-Modified = {2015-11-21 18:39:12 +0000},
	Title = {Thermal feasibility of die-stacked processing in memory},
	Year = {2014}}
