%% This BibTeX bibliography file was created using BibDesk.
%% http://bibdesk.sourceforge.net/


%% Created for Xianwei Zhang at 2015-11-21 14:05:50 -0500 


%% Saved with string encoding Unicode (UTF-8) 



@inproceedings{HPCA15:al-dram,
	Author = {D. Lee and Y. Kim and G. Pekhimenko and S. Khan and V. Seshadri and K. Chang and O. Mutlu},
	Booktitle = {HPCA},
	Date-Added = {2015-11-17 21:50:33 +0000},
	Date-Modified = {2015-11-21 19:05:36 +0000},
	Pages = {489-501},
	Title = {Adaptive-latency {DRAM}: Optimizing {DRAM} timing for the common-case: Optimizing DRAM timing for the common-case},
	Year = {2015}}
@inproceedings{DATE14:margin,
	Author = {K. Chandrasekar and S. Goossens and C. Weis and M. Koedam and B. Akesson and N. Wehn and K. Goossens},
	Booktitle = {DATE},
	Date-Added = {2015-11-17 21:47:26 +0000},
	Date-Modified = {2015-11-21 19:05:47 +0000},
	Pages = {1-6},
	Title = {Exploiting expendable process-margins in {DRAMs} for run-time performance optimization},
	Year = {2014}}
@misc{PATENT14:twr,
	Author = {J. Son and U. Kang and C. Park and S. Seo},
	Date-Added = {2015-11-17 19:36:25 +0000},
	Date-Modified = {2015-11-17 19:39:11 +0000},
	Howpublished = {United States Patent},
	Month = {12},
	Title = {Memory device with relaxed timing parameter according to temperature, operating method thereof, and memory controller and memory system using the memory device},
	Year = {2014}}
@inproceedings{MEMSYS15:twr,
	Author = {B. R. Childers and J. Yang and Y. Zhang},
	Booktitle = {MEMSYS},
	Date-Added = {2015-11-17 03:38:39 +0000},
	Date-Modified = {2015-11-21 19:05:15 +0000},
	Pages = {78-84},
	Title = {Achieving yield, density and performance effective {DRAM} at extreme technology sizes},
	Year = {2015}}
@misc{PATENT15:twr,
	Author = {D. Wang},
	Date-Added = {2015-11-17 02:19:45 +0000},
	Date-Modified = {2015-11-17 02:21:21 +0000},
	Howpublished = {United States Patent},
	Month = {9},
	Title = {Backward compatible dynamic random access memory device and method of testing therefor},
	Year = {2015}}
@inproceedings{ISCA15:mcr,
	Author = {J. Choi and W. Shin and J. Jang and J. Suh and Y. Kwon and Y. Moon and L.-S. Kim},
	Booktitle = {ISCA},
	Date-Added = {2015-11-17 02:05:35 +0000},
	Date-Modified = {2015-11-21 19:05:25 +0000},
	Pages = {223-234},
	Title = {Multiple clone row {DRAM}: a low latency and area optimized {DRAM}},
	Year = {2015}}
@inproceedings{MEM14:twr,
	Author = {U. Kang and H.-s. Yu and C. Park and H. Zheng and J. Halbert and K. Bains and S. Jang and J. S. Choi},
	Booktitle = {The Memory Forum},
	Date-Added = {2015-11-17 02:00:49 +0000},
	Date-Modified = {2015-11-17 02:03:35 +0000},
	Title = {Co-architecting controllers and {DRAM} to enhance {DRAM} process scaling},
	Year = {2014}}
@article{TODAES16:twr,
	Author = {X. Zhang and Y. Zhang and B. R. Childers and J. Yang},
	Date-Added = {2015-11-17 01:47:30 +0000},
	Date-Modified = {2015-11-21 19:05:05 +0000},
	Journal = {TODAES},
	Title = {On the restore time variation of future {DRAM} memory},
	Volume = {submitted for publication},
	Year = {2016}}
@inproceedings{HPCA16:twr,
	Author = {X. Zhang and Y. Zhang and B. R. Childers and J. Yang},
	Booktitle = {HPCA},
	Date-Added = {2015-11-17 01:43:27 +0000},
	Date-Modified = {2015-11-21 19:05:31 +0000},
	Publisher = {to be published},
	Title = {Restore truncation for performance improvement for future {DRAM} systems},
	Year = {2016}}
@inproceedings{DATE15:twr,
	Author = {X. Zhang and Y. Zhang and B. R. Childers and J. Yang},
	Booktitle = {DATE},
	Date-Added = {2015-11-17 01:40:30 +0000},
	Date-Modified = {2015-11-21 19:05:42 +0000},
	Pages = {477-482},
	Title = {Exploiting {DRAM} restore time variations in deep sub-micron scaling},
	Year = {2015}}